3059 4934
475 249 561 306 Liber
578 251 702 318 quintus.
738 249 841 306 Samira
858 249 935 305 XIV.

227 444 292 489 nen
315 422 433 490 eredas
454 424 640 508 ponendum
663 423 788 507 aliquid
810 422 1006 490 discriminis
1027 426 1112 492 inter

225 544 394 621 unguenta
416 544 450 603 et
471 538 610 615 aorinm3
633 536 714 603 lueri
735 538 839 603 bonus
862 544 912 603 est
934 536 1013 604 odor
1035 559 1076 604 ex
1098 558 1134 605 re

118 657 200 713 205
225 650 381 733 qnalibet
427 650 486 715 iila
506 657 562 716 tao
584 651 746 717 sententia
768 669 895 736 semper
916 649 951 716 in
973 670 1027 716 ore

223 771 373 830 versetur
395 762 447 829 rlis
470 770 568 847 atque
589 764 661 848 ipso
682 764 761 830 Iove
783 763 885 849 digna
905 770 1016 848 poeta:

221 870 333 943 “unde
354 876 478 943 habeas
500 877 630 960 quaerit
651 896 754 959 namo,
780 876 840 945 sed
861 883 986 962 eportet
1008 871 1158 944 habere'’.

221 990 285 1057 hoe
307 997 487 1056 monstrant
508 991 638 1056 vetulae
660 991 771 1075 pneris
793 991 983 1075 repentibus
1006 1009 1110 1072 assae,

221 1103 286 1169 hoe
308 1102 437 1169 discum
458 1121 571 1169 omnes
593 1109 671 1169 ante
692 1102 794 1188 alpha
817 1109 850 1169 et
871 1103 949 1170 beta
969 1100 1118 1189 puellae?

117 1224 197 1279 210
222 1215 346 1282 talibus
368 1216 543 1282 instantem
565 1215 697 1282 monitis
719 1235 953 1298 quemeumque
975 1224 1143 1302 parentem

222 1329 272 1393 sie
292 1345 422 1413 possem
444 1327 565 1395 adfari:
589 1321 661 1410 ‘dia
686 1348 705 1393 ο
727 1328 914 1411 vanissime,
938 1330 1011 1411 quis
1033 1335 1066 1395 te

222 1441 381 1508 festinare
403 1440 520 1508 iubet?
543 1442 709 1507 meliorem
731 1449 862 1526 praesto
884 1442 1039 1525 magistro

221 1553 427 1638 discipulum.
474 1572 606 1619 seenrus
629 1554 700 1619 abi:
724 1554 863 1621 vinearis
886 1561 922 1619 nt
942 1554 1028 1620 Aiax

240 1740 298 1791 208.
318 1738 375 1789 209.
412 1736 554 1790 domarat
571 1736 651 1789 Jahn.

239 1826 298 1876 200.
334 1822 1122 1894 reppsntibnsPposeantibnssuperscr.p(poscentibus
1131 1828 1268 1886 masma).

240 1912 297 1963 211.
334 1926 448 1979 possem
460 1909 555 1980 potius
572 1927 652 1980 quam
668 1911 774 1979 possim
793 1912 821 1965 P
835 1926 951 1980 possum
964 1928 994 1980 p.

240 2054 299 2104 207.
335 2050 444 2107 Lucii?
463 2054 559 2105 nnten.

203 2192 262 2243 203.
298 2208 349 2244 nea
366 2205 419 2245 nnr
436 2189 506 2256 hier,
525 2194 605 2245 ronst
621 2188 669 2244 bei
687 2187 832 2246 Verbotsn
850 2189 958 2245 tiberall
976 2205 1029 2245 nee
1043 2192 1075 2255 (³,
1089 2192 1152 2257 302;
1172 2193 1196 2258 0,
1210 2192 1267 2245 282.

124 2280 200 2344 450;
221 2280 324 2345 s‚1ss;
343 2278 427 2344 9‚9⁹;
448 2278 564 2343 11,1sa;
585 2276 678 2343 rasa.
703 2276 764 2340 raa
786 2277 902 2343 14,201;
924 2277 999 2343 raa)
1023 2276 1078 2331 wie
1096 2293 1153 2333 non
1170 2277 1215 2333 sir
1233 2294 1268 2335 na

123 2368 163 2432 (e,
177 2367 245 2432 451;
266 2367 306 2431 11,
320 2365 383 2429 rss;
404 2364 444 2429 re,
458 2362 507 2427 aa).
543 2363 640 2432 Lupus
657 2378 684 2431 p.
699 2363 738 2413 aa

202 2452 349 2503 204-205.
389 2449 456 2505 Wol
479 2447 659 2517 Anapielung
682 2447 735 2502 ani
753 2447 800 2503 die
825 2446 966 2505 bekannte
988 2446 1171 2520 Aenssernng
1197 2450 1267 2507 Ves-

123 2540 250 2609 pasians
268 2537 344 2593 Suet
359 2540 400 2605 23,
419 2536 485 2592 dass
503 2535 554 2591 das
572 2550 624 2590 aus
647 2533 709 2590 dem
732 2534 856 2603 vectigal
880 2536 978 2591 urinae
1005 2536 1177 2592 stammende
1196 2536 1269 2593 Geld

124 2624 212 2680 nieht
231 2624 297 2680 iibel
314 2623 416 2679 rieehe.

202 2712 266 2763 200;
294 2710 341 2766 ain
366 2709 489 2780 Sprneh,
516 2708 618 2774 worth,
646 2724 702 2763 ven
724 2708 858 2778 anpiter
880 2708 938 2764 und
960 2708 1015 2764 dan
1040 2708 1158 2766 Gitttarn
1180 2710 1268 2768 selbst

124 2798 280 2868 gediahtet
297 2813 332 2852 nn
349 2796 419 2853 sein.

201 2883 243 2937 dia
255 2888 334 2953 atque
346 2882 405 2953 ι’ριο
417 2884 490 2936 love.
515 2883 598 2938 Hand
609 2882 689 2938 Tms.
703 2883 733 2937 ΙΙ
745 2884 809 2934 48οι
823 2895 908 2951 saepe
920 2883 1101 2951 praemissam
1113 2884 1266 2953 notionem,

124 2986 206 3041 qnae
218 2975 308 3026 totam
319 2984 377 3027 rem
389 2971 595 3039 complectitur,
614 2976 770 3039 sequuntur
782 2969 914 3026 notiones
926 2970 956 3025 in
969 2971 1033 3039 ipsa
1044 2969 1095 3026 illa
1107 2976 1266 3028 contentas.

125 3058 191 3113 Oia,
213 3056 303 3113 Aeni.
321 3056 352 3111 11
371 3059 414 3123 42,
438 3059 486 3109 120
513 3062 543 3112 et
568 3058 669 3113 omitto
695 3056 746 3112 iila
773 3071 846 3126 qnae
872 3056 974 3112 relicta
997 3057 1056 3112 iam
1079 3058 1213 3127 videntur
1237 3064 1267 3115 et

125 3144 278 3201 Herillnm.
300 3143 401 3200 lustin.
420 3143 519 3199 XXIX
538 3146 596 3211 3‚7
624 3143 746 3198 Romani
775 3141 877 3211 quibus
899 3142 988 3198 Poeni
1018 3149 1048 3199 et
1069 3144 1211 3201 Hannibal
1236 3146 1266 3200 in

55 3270 61 3281 -
123 3232 293 3288 cervicibus
310 3236 378 3287 erat

199 3320 258 3371 207.
295 3317 359 3374 Wie
377 3332 408 3373 es
426 3316 544 3384 saheint,
562 3316 628 3372 eine
640 3315 866 3385 spriehwtrilieh
877 3316 1046 3385 gewordane
1058 3317 1188 3388 sentens,
1208 3337 1264 3376 von

125 3405 328 3461 unbekannter
346 3403 500 3472 Herknnit3
518 3401 657 3459 Btieheler
674 3402 724 3457 hat
741 3418 778 3457 an
789 3402 917 3457 Lneilius
929 3403 1058 3473 gedaeht.
1090 3404 1153 3470 (Die
1165 3406 1263 3463 Warte

125 3494 182 3548 des
200 3491 303 3548 Senot:
321 3491 464 3547 nntrienla
482 3492 560 3547 siena
576 3493 690 3545 vetusta
707 3486 865 3545 infantibus
876 3494 1021 3557 monstrat,
1041 3491 1104 3547 aina
1117 3493 1264 3551 wttrtliehe

124 3578 303 3647 Paraphrasa
316 3577 366 3634 des
378 3577 482 3634 Verres
494 3578 552 3643 208,
565 3575 657 3631 haben
668 3574 816 3631 rialleieht
827 3591 880 3631 nur
892 3572 1011 3645 nnitllig
1022 3576 1263 3637 hexametrisehen

125 3663 307 3733 Rhythmns).

198 3751 258 3803 200.
276 3753 335 3804 200.
370 3750 463 3807 Uebar
481 3750 529 3806 die
546 3750 716 3807 Parenthese
734 3766 770 3805 ru
788 3753 811 3817 2,
825 3751 865 3801 91.

215 3840 365 3892 vetulae-
377 3855 457 3892 asnaa
489 3837 581 3894 Schol.
595 3854 658 3895 assa
669 3838 766 3895 nutrix
785 3836 890 3892 dieitur
908 3852 980 3906 quae
998 3837 1043 3893 lae
1060 3853 1118 3894 non
1136 3846 1263 3909 praestat

125 3923 296 3992 infantibus,
314 3924 366 3981 sed
383 3926 473 3981 solnm
492 3925 672 3995 diligentiam
691 3931 720 3981 et
736 3923 905 3979 munditiam
924 3923 1046 3980 adhibet.

195 4011 291 4080 pueris
306 4012 467 4082 repensatus.
494 4011 611 4076 Quintil.
626 4011 676 4078 12,
690 4013 705 4063 0
724 4010 794 4081 qnid
805 4026 863 4066 non
876 4010 989 4067 adultus
1002 4013 1193 4083 aonenpiseet,
1212 4018 1262 4086 qui

124 4100 157 4153 in
175 4098 310 4167 purpuris
328 4098 423 4168 repit?

197 4184 279 4254 alpha
297 4188 323 4237 at
340 4186 405 4238 beta.
435 4184 514 4243 Anat
534 4188 572 4252 (in
590 4184 685 4256 Staph.
697 4186 764 4257 Byr.
778 4181 903 4256 Γάργαρα)
925 4180 1076 4256 Γαργαρέων
1095 4188 1178 4243 παισὶν
1197 4190 1262 4261 βῆτα

126 4271 172 4325 καὶ
190 4270 263 4344 ἄλφα
280 4269 370 4343 λέγων.
