3059 4934
299 279 369 341 374·
708 277 853 332 Iuvenalis
871 284 1028 333 saturarum

385 448 480 531 hunc,
505 450 634 531 qualem
655 467 782 531 nequeo
804 456 984 515 monstrare
1007 456 1040 515 et
1061 450 1165 517 sentio
1187 456 1318 533 tantum,

388 560 555 627 anxietate
577 579 694 627 careus
715 562 843 627 animm
866 560 952 642 facit,
977 562 1080 628 omnis
1103 562 1212 628 acerbi

386 671 560 755 inpatiens,
583 672 722 757 cupidus
742 672 899 738 silvarum
921 680 1082 757 aptusque
1103 673 1253 740 bibendis

386 782 529 849 fontibus
550 783 720 849 Aonidum.
764 804 872 866 neque
895 786 980 850 enim
1002 792 1136 851 cantare
1158 786 1218 852 sub
1239 793 1331 853 antro

323 904 363 959 69
385 896 494 961 Pierio
515 895 729 979 thyrsumque
749 902 856 980 potest
878 897 1065 981 contingere
1086 903 1212 963 maesta

385 1013 561 1091 paupertas
583 1014 682 1090 atque
704 1008 789 1073 aeris
811 1008 914 1091 inops,
939 1028 1003 1090 quo
1025 1015 1120 1074 noete
1140 1008 1259 1092 dieque

387 1138 503 1203 corpus
525 1126 614 1202 eget:
638 1126 728 1184 satur
751 1126 802 1185 est
824 1139 896 1185 enm
918 1119 997 1187 dicit
1018 1120 1172 1187 Horatius
1193 1114 1328 1187 ‘euhoe'.

387 1232 459 1312 quis
482 1230 572 1295 loeus
592 1231 734 1315 ingenio,
758 1232 823 1296 nisi
845 1250 917 1296 eum
939 1250 976 1298 se
998 1233 1141 1299 carmine
1163 1234 1231 1297 solo

300 1358 495 1365 —-.-—-.-—

403 1406 443 1457 58.
481 1408 620 1474 aptusque
634 1405 680 1457 Pto
698 1404 856 1473 avidusque
868 1405 940 1457 Jotn
952 1406 1001 1469 (S.·
1021 1406 1149 1473 cupidus.
1162 1406 1265 1460 avidus
1278 1408 1315 1476 cs.
1334 1406 1423 1459 Vasta

295 1509 325 1560 P·
340 1494 444 1629 mdo.
480 1584 589 1633 maesta
607 1577 776 1631 PBitctelor
793 1592 863 1631 sana
880 1594 971 1647 mcrqo
989 1578 1094 1631 Jasnl.

404 1664 444 1714 61.
480 1666 546 1731 quo]
564 1679 628 1718 cum
646 1662 774 1716 Ratoock.

403 1751 444 1800 63.
480 1751 529 1817 qui
549 1751 609 1818 Ppr
626 1749 691 1817 quis
704 1768 749 1819 pc
759 1749 898 1802 Bactslsr.

406 1906 446 1956 51.
483 1903 564 1958 Ovid.
577 1902 623 1957 It.
637 1904 651 1957 1
666 1907 688 1969 1,
698 1906 731 1955 39
749 1906 874 1959 carmina
884 1906 1059 1973 proveniunt
1071 1907 1165 1961 auimo
1183 1906 1309 1963 deducta
1326 1923 1423 1963 sorano.

300 1992 331 2041 11
352 1990 478 2045 carmtna
495 2003 637 2044 secessum
654 1990 807 2045 scribentis
825 1996 855 2045 et
867 1991 927 2047 otia
940 1997 1086 2060 quaerunt.
1110 1994 1330 2050 cacuminibus
1342 2000 1424 2049 matus

301 2075 392 2131 omnis
410 2074 498 2131 obest

1482 3124 1483 3155 1

1482 3226 1483 3265 1

1482 3268 1483 3319 1

1482 3356 1483 3393 1

404 2163 444 2211 59.
481 2160 577 2216 Horat
591 2160 621 2215 G.
635 2162 763 2227 1111,19
781 2161 876 2216 Pierio
894 2164 1030 2219 recreatis
1048 2169 1137 2219 antro.
1158 2160 1160 2165 ’

403 2249 444 2299 62.
481 2246 726 2313 {toraminas
741 2254 836 2303 unten.
861 2246 956 2315 Apoll.
965 2246 1062 2303 Sidon.
1069 2248 1214 2319 Epp.VIII
1225 2252 1269 2315 9,1
1285 2250 1424 2315 (scitata.

303 2354 505 2363 ...—.——-—-

369 2406 410 2458 56.
446 2402 581 2457 Priscian.
599 2402 700 2457 XVIII
718 2404 760 2469 29,
774 2403 819 2453 291
847 2402 929 2459 GLK.
948 2402 1111 2471 Iliacam
1140 2405 1295 2471 (Iuvenalis
1320 2406 1350 2459 in
1372 2404 1424 2459 III:

298 2491 374 2545 huuc
391 2518 425 2528 -—
443 2491 570 2553 mutum).

368 2576 410 2627 62.
446 2574 540 2643 Apoll.
554 2574 651 2631 Sidon.
663 2575 734 2644 Epp.
746 2573 820 2629 VIII
832 2575 879 2627 91:
905 2576 973 2644 quia
994 2572 1114 2631 forsitan
1135 2575 1280 2631 satinicum
1305 2576 1375 2631 illud
1395 2574 1425 2629 de

300 2661 417 2716 satirico
434 2676 493 2715 nou
510 2660 679 2715 recorderis:
698 2666 777 2716 satur
794 2666 839 2716 est
855 2676 919 2716 oum
937 2660 1010 2718 dicit
1027 2662 1162 2716 Horatius
1180 2658 1296 2717 ‘euhoe'.

368 2799 409 2850 56.
446 2815 522 2865 qam
539 2824 574 2833 —
590 2796 674 2849 sentio
692 2801 803 2850 tartum.
842 2797 900 2853 cic.
918 2797 991 2862 ors
1008 2800 1040 2849 23
1065 2798 1103 2853 ad
1126 2813 1187 2854 sam
1210 2815 1296 2867 quam
1314 2802 1425 2857 sentiam

300 2883 500 2952 eloquentiam,
517 2897 575 2937 uon
592 2882 629 2936 ad
647 2897 709 2937 eam
726 2898 811 2951 quam
829 2883 860 2937 in
882 2882 939 2939 alio
957 2885 1019 2952 ipse
1037 2886 1226 2954 cognoverim.

369 2970 410 3019 57.
446 2970 580 3020 anxietate
598 2985 692 3022 carena
709 2967 813 3021 animus
825 2970 909 3041 facit.
945 2970 1188 3027 Wahrscheinlioh
1205 2970 1357 3037 schwebte,
1378 2972 1425 3027 wie

298 3053 392 3107 Lewis
421 3051 561 3117 hemerkt,
591 3053 655 3108 dem
682 3052 807 3111 Juvenal
837 3056 884 3111 dis
912 3056 1000 3112 Stella
1027 3055 1107 3111 Ouid.
1132 3056 1250 3111 Iristl
1275 3061 1304 3125 1,
1323 3058 1423 3109 99-13

300 3138 389 3203 (oben)
408 3154 466 3193 vor.

368 3224 453 3277 ornnes
482 3224 572 3278 acerbi
597 3225 755 3294 lupariam:
792 3227 886 3283 niehts
912 3228 1023 3285 Herbss
1055 3228 1240 3298 empfindend.
1292 3226 1422 3285 Aehnlior

300 3312 410 3366 Seneca
425 3311 497 3380 Epp.
511 3312 534 3377 9,
550 3314 560 3362 1
582 3327 720 3367 summum
736 3313 842 3369 bonum
861 3315 970 3369 animus
989 3315 1147 3382 impatiens.

368 3399 408 3448 58.
445 3396 557 3465 cupidas
573 3397 709 3450 silvarum
737 3398 853 3456 thder
870 3401 930 3456 und
942 3401 1034 3457 Haine
1052 3401 1166 3456 werdon
1184 3399 1226 3455 oft
1244 3401 1424 3457 alsGeburts·
1482 3442 1483 3457 .

299 3486 385 3539 stttte
403 3482 452 3537 der
469 3482 617 3552 Dichtung
634 3492 761 3552 genannt
779 3484 853 3550 (Tac.
870 3486 945 3540 Dial.
965 3485 1010 3541 91.
1029 3487 1176 3556 poetis-
1198 3494 1231 3541 ut
1249 3487 1307 3555 ipsi
1325 3486 1422 3547 dicunt

300 3572 329 3625 In
341 3572 462 3625 nemora
480 3575 509 3624 et
525 3569 614 3636 lucos,
633 3569 665 3623 id
676 3577 720 3626 est
731 3572 763 3625 in
776 3571 959 3628 solitudinem
971 3573 1160 3629 secedendum
1173 3578 1223 3629 est
1248 3572 1346 3628 Horat
1358 3572 1421 3639 Epo·
1482 3574 1483 3637 1

299 3657 365 3722 112,
378 3658 411 3707 77
429 3657 600 3725 scriptorum
617 3656 719 3713 chorus
737 3659 829 3714 omnis
847 3664 922 3713 amat
944 3674 1043 3715 nemus
1065 3667 1095 3714 et
1116 3658 1192 3728 fugit
1214 3658 1308 3714 urbes.
1347 3658 1422 3719 Hotz,
1482 3722 1483 3727 η

237 3775 247 3853 ἱ
298 3741 488 3812 Hmpfinduug
506 3742 556 3798 der
573 3741 813 3800 Natursohtinheit
831 3743 857 3799 S.
872 3746 904 3796 18
917 3746 954 3811 u.)
978 3746 1065 3801 sowie
1088 3746 1138 3799 der
1157 3744 1313 3801 Gedauksu
1336 3743 1384 3799 SG.
1397 3741 1421 3795 11
1482 3822 1483 3825 Ἴ

301 3831 358 3895 sas,
371 3831 395 3882 o.

367 3920 496 3984 aptusque
513 3914 633 3968 ostendis
644 3916 777 3970 Foatsoaa
794 3917 849 3971 wie
867 3916 976 3973 solibus
994 3925 1091 3985 aptum
1108 3916 1175 3972 Hor.
1187 3918 1258 3986 Epp.
1272 3918 1287 3972 I
1300 3920 1342 3983 29,
1355 3919 1391 3967 21,
1482 3976 1483 3979 ¹

366 4002 408 4052 62,
444 4018 504 4053 oum
521 4000 587 4053 dicit
606 4001 741 4055 Hormiae
757 3997 876 4055 “antor''.
914 4002 986 4058 c.11
1007 4006 1046 4072 19,
1067 4006 1081 4054 5
1100 4004 1207 4069 Euhoe,
1225 4004 1334 4059 recenti
1352 4014 1421 4055 mens
1482 3996 1483 3999 ’

290 4082 425 4154 trepidat
441 4092 519 4143 metu
540 4085 685 4157 Plenoqus
706 4088 812 4143 BacoH
835 4096 951 4157 pectore
973 4089 1117 4145 turbidum
1141 4090 1283 4147 Laetatur.
1323 4087 1421 4149 Euboe,

290 4132 384 4247 pieros
401 4173 493 4239 Liber,
512 4173 600 4229 Parce
617 4175 699 4243 gravi
718 4176 868 4229 metuende
886 4175 992 4245 thyrso.

324 4252 328 4264 “
368 4260 409 4309 63.
445 4260 599 4327 quioloeus.
637 4262 677 4315 Zu
696 4262 719 4326 6,
733 4262 791 4311 571.
