3059 4934
353 271 415 335 478
758 266 905 323 Iuvenalis
921 273 1079 323 6616666666

441 438 590 506 attendas
613 446 769 522 quantum
791 439 833 506 de
852 441 981 524 legibus
1002 441 1075 524 ipse
1095 448 1251 523 queratur

438 553 579 619 fatorum
600 559 633 618 et
654 554 754 618 nimio
778 551 819 618 dc
842 554 991 636 stamine,
1014 573 1087 618 cum
1108 552 1199 620 videt
1219 554 1307 619 66616

438 664 603 731 Antilochi
625 664 760 731 barbam
782 664 961 746 ardentem,
984 683 1055 730 cum
1078 665 1207 747 quaerit
1228 666 1269 730 ab
1292 668 1384 731 omni

440 777 585 861 quisquis
608 774 704 842 adest
725 776 840 858 socius,
865 796 923 841 cur
943 776 1027 842 haec
1048 777 1082 841 in
1104 783 1251 862 tempora
1272 776 1381 860 duret,

356 895 415 953 265
441 889 527 971 quod
549 887 676 953 facinus
699 888 833 971 dignum
856 894 923 953 1666
944 889 1041 972 longo
1063 888 1232 954 admiserit
1254 909 1348 956 aevo.

440 1002 522 1067 haec
544 1000 659 1067 cadem
680 1001 807 1070 Peleus.
819 1008 948 1084 raptum
970 1020 1043 1066 cum
1064 1001 1155 1084 luget
1174 1001 1338 1082 Achillen,

441 1121 539 1194 atque
561 1112 646 1177 alius
669 1113 720 1178 cui
743 1112 794 1177 fas
816 1113 962 1178 Ithacum
984 1114 1097 1197 lugere
1117 1119 1296 1179 natantem.

441 1225 592 1290 incolumi
615 1225 713 1290 Τ6616
734 1226 884 1290 Priamus
906 1224 1052 1290 venisset
1073 1223 1117 1289 ad
1138 1226 1270 1291 umbras

440 1337 593 1403 Assaraci
615 1339 743 1421 magnis
765 1337 974 1402 sollemnibus
996 1336 1136 1402 Hectore
1157 1337 1256 1402 16666
1495 1350 1496 1427 i

358 1454 418 1513 260
441 1455 591 1533 portante
613 1469 652 1515 ac
673 1449 809 1530 reliquis
831 1448 966 1514 fratrum
989 1448 1169 1514 cervicibus
1190 1450 1276 1514 inter
1495 1432 1496 1521 l

442 1560 582 1626 Iliadum
604 1561 763 1642 lacrimas,
787 1566 825 1625 ut
845 1561 967 1644 primos
990 1559 1088 1626 edere
1109 1561 1259 1645 planetus
1495 1566 1496 1573 ’

442 1671 627 1738 Cassandra
648 1673 807 1756 inciperet
827 1673 995 1753 scissaque
1015 1670 1186 1756 Polyxena
1206 1671 1305 1756 palla,

443 1785 472 1850 61
493 1784 576 1850 foret
598 1784 759 1850 extinctus
781 1783 910 1849 diverso
930 1791 1084 1867 tempore,
1108 1802 1171 1866 quo
1193 1803 1258 1849 non

360 1924 560 1935 ..—

461 1992 553 2046 25866.
589 1988 647 2044 cic.
660 1988 743 2045 Tusc.
755 1989 771 2043 I
785 1991 817 2042 85
835 1994 930 2044 unten.
966 1989 1051 2059 Verg.
1064 1988 1099 2046 A.
1112 1989 1218 2044 Vltor
1235 1988 1323 2044 Erebi
1343 1990 1493 2046 deseendit

358 2076 395 2131 ad
412 2076 533 2131 umbras.

427 2265 485 2316 256.
521 2263 598 2319 Serv.
611 2262 696 2333 Verg.
708 2264 743 2320 A.
758 2265 800 2319 IX
812 2267 871 2318 491.

427 2456 485 2506 251.
520 2453 597 2508 alius.
634 2455 673 2509 Zu
694 2457 770 2522 1,10.

420 2543 472 2612 sce
490 2539 580 2598 sovlel
593 2539 635 2598 als
647 2540 742 2596 fatum.
761 2541 896 2597 hicinertu
902 2541 1015 2596 Vindio.
1023 2540 1148 2596 Iuvenul.
1160 2557 1188 2609 p.
1196 2542 1236 2593 22.
1256 2537 1413 2610 Vergss.A.
1424 2540 1494 2592 1266

359 2625 419 2681 illic
440 2625 483 2682 166
506 2643 594 2697 regna
616 2642 762 2696 resurgere
786 2627 890 2684 Troiae
907 2626 941 2682 A.
960 2629 1064 2682 111121
1086 2633 1247 2683 monetam
1267 2626 1344 2681 nulli
1368 2631 1498 2681 vetemur

358 2713 468 2769 sociare
480 2729 629 2783 procorum
647 2715 701 2768 Fas
720 2719 788 2780 erat
807 2714 893 2783 idque
905 2730 1003 2769 omnes
1015 2715 1132 2783 divique
1144 2713 1330 2781 hominesque
1343 2713 1498 2768 canebant

358 2799 432 2855 Pers.
449 2802 470 2864 1,
484 2801 514 2850 61
535 2815 586 2854 vos
599 2816 616 2854 o
629 2800 768 2869 patricius
781 2801 906 2870 sanguis,
925 2815 997 2869 quos
1014 2801 1111 2855 vivere
1128 2798 1172 2853 166
1189 2803 1235 2853 661
1252 2797 1383 2866 Occipiti
1403 2815 1497 2854 caeco.

428 2885 552 2936 Ithacum
576 2885 630 2939 wie
655 2887 694 2950 14,
713 2887 762 2938 281
786 2886 845 2940 und
871 2888 910 2952 15,
923 2887 964 2938 26.
999 2886 1039 2940 Ζιι
1057 2887 1153 2952 2,166.
1179 2883 1264 2953 Verg.
1277 2882 1312 2938 A.
1327 2883 1360 2938 11
1376 2887 1429 2936 164
1448 2885 1498 2939 hoe

359 2969 474 3025 Ithacus
491 2970 569 3024 volit.
587 2971 694 3039 Propl
715 2974 783 3039 15,9
801 2972 893 3026 Ithaci
912 2973 1041 3041 digressu
1057 2978 1135 3026 66616
1151 2969 1283 3040 Calypso.

429 3057 572 3108 256-211.
608 3055 677 3111 Hier
694 3057 836 3113 schwebte
853 3057 977 3114 Juvenal
999 3059 1046 3113 die
1064 3055 1359 3113 1116116016.Τ666.1
1379 3061 1417 3109 es
1435 3073 1496 3110 ror.

358 3141 501 3196 Iletcllum
519 3143 593 3197 enirn
611 3142 692 3197 multi
710 3142 763 3197 filii
780 3143 864 3211 filiae,
882 3150 1002 3213 nepotes
1018 3151 1118 3213 neptes
1136 3143 1166 3197 in
1183 3157 1282 3210 rogum
1294 3143 1498 3210 inposuerunt.

359 3227 500 3282 Priamum
518 3234 597 3285 16616
613 3230 750 3298 progenie
769 3231 905 3296 orbatum,
928 3247 991 3284 cum
1010 3231 1040 3284 in
1062 3245 1139 3284 aram
1162 3226 1355 3296 confugisset,
1383 3227 1498 3283 hostilis

359 3329 458 3370 manus
476 3315 624 3371 iuteremit.
643 3315 690 3370 hic
708 3317 733 3371 61
754 3317 830 3370 vivis
850 3315 919 3370 filiis
936 3315 1069 3370 incolumi
1085 3330 1173 3384 regno
1184 3314 1342 3369 occidisset
1354 3342 1392 3352 —
1405 3326 1498 3368 utrum

358 3401 472 3456 tandem
495 3417 512 3456 6
532 3401 617 3457 bonis
639 3417 675 3456 66
697 3419 714 3456 6
737 3401 819 3457 malis
841 3401 1040 3458 discessisset?
1068 3406 1128 3456 tum
1153 3399 1282 3469 proiecto
1305 3399 1498 3456 6166661666

358 3485 449 3543 bonis.
473 3493 596 3542 6166616
615 3488 641 3543 ei
660 3487 761 3544 melius
779 3489 991 3545 666616661666
1008 3494 1067 3544 tam
1084 3485 1217 3543 flebiliter
1234 3484 1285 3539 illa
1307 3493 1498 3540 canerentur:

359 3571 438 3627 ‘haec
462 3573 640 3629 66661661ᾶί
663 3574 837 3642 inflammari,
864 3575 975 3629 Priame
997 3574 1027 3628 vi
1049 3574 1138 3628 vitam
1164 3571 1280 3635 evitari,
1307 3571 1393 3626 Iovis
1423 3585 1498 3626 aram

360 3657 499 3726 sanguine
526 3656 650 3728 turpari'.
686 3661 810 3729 quodsi
833 3667 898 3716 6616
921 3659 1089 3727 occidisset,
1113 3657 1198 3713 talem
1222 3659 1356 3712 eventum
1380 3659 1498 3711 omniuo

360 3743 512 3800 amisisset:
532 3745 586 3800 hoc
604 3749 698 3802 autern
716 3751 842 3815 tempore
859 3761 972 3802 sensum
990 3745 1085 3800 amisit
1101 3745 1244 3799 malorum.

430 3832 487 3883 269.
524 3833 682 3898 Assaracus,
702 3832 779 3888 Sohn
797 3833 848 3888 (166
864 3831 944 3898 Γ1166
961 3831 1070 3886 Bruder
1088 3831 1139 3885 des
1156 3830 1223 3895 llos,
1241 3829 1292 3883 des
1309 3827 1497 3883 Grossvarers

362 3917 412 3972 des
429 3915 564 3973 Priamus.
597 3918 656 3973 Der
673 3918 744 3974 Siun
762 3919 813 3975 ist:
832 3919 884 3974 mit
901 3919 981 3974 einer
996 3916 1180 3972 'Podteuieier
1196 3916 1252 3970 uie
1269 3914 1320 3969 der
1337 3913 1392 3968 des
1409 3913 1497 3968 Assa·

360 4018 451 4059 racus.

423 4093 515 4160 sance
533 4093 669 4146 Portenta.
704 4092 802 4148 Funus
824 4091 942 4158 Leiche,
959 4090 1014 4145 wic
1037 4090 1119 4158 Prop.
1136 4088 1152 4142 I
1172 4090 1211 4154 17,
1228 4087 1244 4138 8
1261 4084 1383 4140 haecine
1408 4097 1496 4152 parra

360 4190 452 4230 meum
468 4175 553 4234 funus
570 4193 656 4234 arena
676 4181 777 4248 teget?
806 4178 891 4248 Verg.
903 4177 938 4235 A.
951 4177 994 4233 lx
1008 4178 1056 4228 191
1081 4174 1165 4230 funus
1177 4174 1318 4229 ‘lacerum
1354 4171 1441 4240 Pron·
1455 4167 1494 4222 ff

362 4265 395 4332 (V
397 4265 403 4326 1
424 4264 492 4329 ¹1,3
511 4280 574 4320 cnm
593 4265 678 4322 semel
697 4263 821 4321 infernas
839 4265 980 4320 intrarunt
996 4262 1097 4318 funera
1113 4261 1199 4330 leges.
