3059 4934
483 148 568 205 Liber
585 149 699 218 primus.
735 148 839 204 Satura
855 148 889 204 V.

198 331 234 390 et
256 323 307 388 cui
329 342 390 406 per
411 321 553 388 mediam
575 322 659 388 nolis
682 339 850 388 occurrere
872 328 1007 402 noctem,

126 443 171 499 55
199 435 345 500 clivosae
368 433 498 500 veheris
520 433 597 500 dum
618 452 677 517 per
698 439 906 498 monumenta
927 433 1077 499 Latinae:

198 545 262 612 flos
284 545 384 612 Asiae
407 553 484 610 ante
504 545 620 630 ipsum,
644 545 749 628 pretio
771 545 894 610 maiore
916 551 1049 628 paratus

198 677 299 740 quam
322 656 384 724 tuit
407 663 439 722 et
460 656 548 722 Tulli
570 675 688 722 census
709 657 869 741 pugnaois
890 662 924 721 et
944 654 1028 722 Anci

198 775 243 852 et
268 788 309 835 ne
331 775 364 834 te
386 775 525 850 teneam,
549 769 764 834 Romanorum
786 768 894 833 omnia
914 787 1028 852 regum

198 880 331 946 frivola.
377 878 464 962 quod
487 897 558 946 eum
579 881 627 946 ita
648 880 699 960 sit,
723 886 758 944 tu
781 879 954 944 Gaetulum
978 878 1204 964 Ganymedem

127 1001 171 1057 50
197 993 338 1076 respice,
362 1010 436 1056 eum
459 991 559 1057 sities.
605 991 710 1058 nescit
730 997 778 1056 tot
799 990 928 1057 milibus
952 998 1078 1076 emptus

198 1103 403 1188 pauperibus
425 1103 562 1168 miseere
583 1121 672 1186 puer,
698 1100 756 1168 sed
780 1101 892 1185 forma,
916 1103 975 1168 sed
997 1110 1089 1168 aetas

199 1215 306 1299 digna
327 1213 509 1299 supercilio.
555 1213 685 1297 quando
708 1212 751 1278 ad
771 1220 806 1278 te
827 1215 976 1298 pervenit
996 1214 1080 1280 ille?

198 1325 334 1410 quando
355 1332 491 1409 rogatus
512 1323 606 1391 adest
627 1324 755 1390 calidae
777 1324 973 1409 gelidaeque
996 1326 1169 1393 minister?

198 1439 324 1521 quippe
346 1437 533 1520 indignatur
554 1438 658 1502 veteri
679 1455 796 1519 parere
816 1437 927 1502 clienti

128 1559 171 1614 65
200 1549 354 1632 quodque
376 1547 502 1632 aliquid
523 1566 638 1632 poscas
661 1553 693 1614 et
715 1546 801 1630 quod
822 1567 860 1614 se
881 1555 987 1616 stante
1008 1549 1188 1615 recumbas.

219 1740 262 1790 eo.
298 1737 392 1792 sities:
411 1736 505 1792 nescit
522 1737 563 1788 61.
581 1751 660 1805 puer.
679 1736 731 1792 sed
754 1735 853 1790 Vahlen
866 1755 896 1806 p.
911 1746 950 1790 11.

219 1902 262 1952 55.
298 1899 409 1955 Paulin.
421 1900 523 1956 Nolam
536 1900 601 1956 Nat
613 1900 659 1953 III
678 1900 737 1956 Fel.
751 1901 784 1951 72
803 1915 902 1968 aspera
922 1904 1069 1956 montosae
1092 1907 1246 1970 carpuntur

104 1993 205 2045 atrata
222 1985 352 2041 Latinae.

219 2075 261 2124 55.
297 2070 447 2126 claudian.
460 2070 495 2123 In
507 2071 624 2138 Eutrop.
638 2071 715 2124 1250
734 2069 786 2127 llos
805 2071 911 2141 Syriae.

219 2161 262 2210 51.
296 2155 395 2212 Horat
409 2153 438 2210 0.
452 2155 494 2211 IV
506 2158 530 2225 7,
546 2159 576 2210 15
595 2158 676 2213 dives
692 2156 797 2212 'lullus
815 2162 843 2212 et
859 2156 965 2212 Ancus.
1039 2187 1042 2192 ·

219 2246 261 2297 el.
296 2241 577 2298 05151155111455
596 2258 649 2298 nec
666 2242 755 2298 forme
772 2255 826 2297 nee
843 2249 928 2298 aetas.

180 2419 226 2468 54.
262 2414 420 2484 liutprand
436 2415 561 2483 legate
584 2415 680 2470 colore
697 2413 873 2484 Aethiopem,
896 2416 944 2469 cui
965 2429 1015 2483 per
1033 2414 1154 2470 mediam
1171 2415 1245 2471 nolis

104 2517 264 2560 cannete
280 2505 401 2556 nectem.

183 2678 226 2728 54
262 2673 308 2728 eei
324 2690 378 2743 per
400 2671 515 2726 audiam
536 2670 604 2724 nolio
627 2689 764 2726 occurrere
780 2676 886 2725 5554555.
921 2671 1245 2742 Sen.Apocolec.13,3

106 2777 217 2818 canem
238 2760 351 2829 nigrum
373 2757 517 2826 villosum,
540 2772 609 2814 sane
633 2773 715 2828 quem
737 2773 795 2813 non
819 2757 892 2814 velis
916 2759 972 2815 tibi
995 2759 1026 2814 in
1052 2760 1177 2816 tenebris
1200 2776 1246 2815 oe·

108 2861 236 2904 currere.

183 2935 226 2986 55.
263 2930 375 2984 demae
392 2959 426 2969 -
440 2945 492 2998 per
514 2935 683 2984 5555555555
700 2929 824 2984 Latinae
866 2929 913 2986 Au
935 2931 984 2986 der
1005 2931 1054 2986 via
1075 2931 1178 2987 Latina
1198 2931 1246 3001 lag

107 3017 256 3076 Juvenals
272 3014 440 3072 Vaterstadt
456 3013 608 3084 Aquinum.

185 3105 227 3156 56.
264 3101 358 3158 Ueber
376 3101 423 3156 die
440 3101 537 3156 Preise
555 3102 674 3156 selenen
691 3100 812 3157 Selenen
836 3106 867 3166 lv.
882 3103 914 3154 50
933 3107 977 3158 tot
994 3101 1109 3158 milibus
1127 3109 1244 3173 emptus)

110 3188 238 3246 lutiae
257 3187 303 3241 111
316 3188 383 3254 eal
405 3189 462 3244 (100
470 3191 521 3240 000
539 3187 599 3241 und
615 3187 665 3239 200
673 3190 738 3252 000).
775 3186 845 3241 Plin.
865 3188 896 3243 N.
915 3187 940 3242 ln
959 3186 1016 3243 Vll
1036 3191 1076 3241 56.

182 3276 251 3344 Ipso
268 3273 318 3328 der
335 3273 414 3342 Hem,
432 3287 468 3328 uu
485 3289 511 3328 v.
525 3275 565 3325 30.

182 3363 226 3413 51.
263 3359 359 3415 Horat.
379 3358 409 3413 0.
428 3358 470 3414 IV
483 3361 506 3426 7,
520 3361 551 3411 15
571 3358 651 3414 oben.

182 3448 226 3500 58.
262 3463 295 3498 ne
313 3449 339 3499 te
357 3449 465 3500 1555555.
501 3444 560 3501 Cia.
578 3444 656 3500 Verr.
676 3445 735 3500 134
754 3445 813 3500 und
829 3460 881 3513 pro
896 3443 1024 3500 SRoseio
1041 3444 1103 3500 Am.
1124 3449 1192 3514 1,20
1210 3463 1245 3503 ne

110 3533 225 3590 diutius
244 3535 356 3586 teneam
372 3529 436 3586 Sea.
455 3531 526 3602 Epp.
547 3533 650 3598 12410
669 3531 720 3588 sed
736 3546 772 3586 ue
790 3538 819 3586 te
837 3531 946 3587 diutius
962 3539 1080 3588 teneam.

182 3619 225 3670 59.
262 3616 383 3672 Frivola.
413 3615 455 3672 Zu
473 3617 568 3682 3‚1ss.

181 3702 257 3774 quod
272 3719 332 3756 cum
349 3701 389 3755 ita
405 3701 448 3755 eit.
484 3701 557 3756 Einl.
577 3701 603 3757 S.
618 3704 658 3755 57.

187 3788 334 3844 Gaetulum
355 3787 539 3857 Ganyrnem
570 3787 611 3843 Zu
631 3789 652 3854 1,
665 3787 706 3840 01.

181 3877 225 3928 60.
261 3871 363 3943 respice
385 3873 448 3926 dum
471 3872 552 3926 sities.
587 3872 672 3941 Apul.
691 3871 726 3926 ll.
745 3873 773 3925 X
786 3875 817 3924 11
841 3873 997 3943 sitiensque
1018 3874 1186 3943 pocillatore
1204 3892 1247 3936 re

109 3967 212 4031 speetu
231 3959 309 4016 ciliis
327 3958 435 4016 alterne
452 3960 609 4016 connivens
626 3958 723 4016 bibere
741 3957 904 4028 flagitarem.

180 4051 222 4100 154
239 4045 348 4100 naemu
365 4050 475 4116 optus.
505 4046 545 4101 Zu
564 4047 604 4097 56.

180 4135 224 4188 04.
260 4133 348 4186 aetem
362 4130 460 4186 clienti.
491 4131 532 4187 Zu
552 4133 644 4198 1‚132.
