<?xml version="1.0" encoding="UTF-8"?>
<!DOCTYPE html PUBLIC "-//W3C//DTD XHTML 1.0 Transitional//EN"
    "http://www.w3.org/TR/xhtml1/DTD/xhtml1-transitional.dtd">
<html xmlns="http://www.w3.org/1999/xhtml" xml:lang="en" lang="en">
 <head>
  <title>
</title>
<meta http-equiv="Content-Type" content="text/html;charset=utf-8" />
  <meta name='ocr-system' content='tesseract 3.04.00' />
  <meta name='ocr-capabilities' content='ocr_page ocr_carea ocr_par ocr_line ocrx_word'/>
</head>
<body>
  <div class='ocr_page' id='page_1' title='image "./djuniijuvenalis00bcgoog_0149.png"; bbox 0 0 3059 4934; ppageno 0'>
   <div class='ocr_carea' id='block_1_1' title="bbox 385 171 781 240">
    <p class='ocr_par' dir='ltr' id='par_1_1' title="bbox 385 171 781 240">
     <span class='ocr_line' id='line_1_1' title="bbox 385 171 781 240; baseline 0 -14"><span class='ocrx_word' id='word_1_1' title='bbox 385 171 470 230; x_wconf 87' lang='lat' dir='ltr'><strong>Liber</strong></span> <span class='ocrx_word' id='word_1_2' title='bbox 486 171 601 240; x_wconf 81' lang='lat' dir='ltr'><strong>primus.</strong></span> <span class='ocrx_word' id='word_1_3' title='bbox 639 171 741 230; x_wconf 72' lang='lat' dir='ltr'><strong>Satura</strong></span> <span class='ocrx_word' id='word_1_4' title='bbox 758 173 781 227; x_wconf 87' lang='grc' dir='ltr'><strong>Ι.</strong></span> 
     </span>
    </p>
   </div>
   <div class='ocr_carea' id='block_1_2' title="bbox 56 345 1039 1207">
    <p class='ocr_par' dir='ltr' id='par_1_2' title="bbox 109 345 982 650">
     <span class='ocr_line' id='line_1_2' title="bbox 113 345 961 426; baseline 0.006 -20"><span class='ocrx_word' id='word_1_5' title='bbox 113 361 181 407; x_wconf 88' lang='lat' dir='ltr'><strong>cum</strong></span> <span class='ocrx_word' id='word_1_6' title='bbox 204 349 236 410; x_wconf 88' lang='lat' dir='ltr'><strong>te</strong></span> <span class='ocrx_word' id='word_1_7' title='bbox 258 348 482 410; x_wconf 77' lang='lat' dir='ltr'><strong>summoverunt</strong></span> <span class='ocrx_word' id='word_1_8' title='bbox 504 345 559 426; x_wconf 86' lang='lat' dir='ltr'><strong>qui</strong></span> <span class='ocrx_word' id='word_1_9' title='bbox 580 350 776 410; x_wconf 84' lang='lat' dir='ltr'><strong>testamenta</strong></span> <span class='ocrx_word' id='word_1_10' title='bbox 797 351 961 411; x_wconf 87' lang='lat' dir='ltr'><strong>merentur</strong></span> 
     </span>
     <span class='ocr_line' id='line_1_3' title="bbox 110 453 982 541; baseline 0.006 -23"><span class='ocrx_word' id='word_1_11' title='bbox 110 453 262 536; x_wconf 85' lang='lat' dir='ltr'><strong>noctibus,</strong></span> <span class='ocrx_word' id='word_1_12' title='bbox 286 455 320 519; x_wconf 90' lang='lat' dir='ltr'><strong>in</strong></span> <span class='ocrx_word' id='word_1_13' title='bbox 343 454 469 520; x_wconf 80' lang='lat' dir='ltr'><strong>caelum</strong></span> <span class='ocrx_word' id='word_1_14' title='bbox 491 473 571 537; x_wconf 88' lang='lat' dir='ltr'><strong>quos</strong></span> <span class='ocrx_word' id='word_1_15' title='bbox 594 454 704 522; x_wconf 87' lang='lat' dir='ltr'><strong>evehit</strong></span> <span class='ocrx_word' id='word_1_16' title='bbox 724 455 847 541; x_wconf 84' lang='lat' dir='ltr'><strong>optima</strong></span> <span class='ocrx_word' id='word_1_17' title='bbox 867 459 982 523; x_wconf 88' lang='lat' dir='ltr'><strong>summi</strong></span> 
     </span>
     <span class='ocr_line' id='line_1_4' title="bbox 109 566 923 650; baseline 0.001 -21"><span class='ocrx_word' id='word_1_18' title='bbox 109 583 192 630; x_wconf 91' lang='lat' dir='ltr'><strong>nunc</strong></span> <span class='ocrx_word' id='word_1_19' title='bbox 215 566 271 630; x_wconf 89' lang='lat' dir='ltr'><strong>via</strong></span> <span class='ocrx_word' id='word_1_20' title='bbox 292 584 473 650; x_wconf 86' lang='lat' dir='ltr'><strong>processus,</strong></span> <span class='ocrx_word' id='word_1_21' title='bbox 498 567 627 632; x_wconf 85' lang='lat' dir='ltr'><strong>vetulae</strong></span> <span class='ocrx_word' id='word_1_22' title='bbox 649 567 761 633; x_wconf 87' lang='lat' dir='ltr'><strong>vesica</strong></span> <span class='ocrx_word' id='word_1_23' title='bbox 782 567 923 634; x_wconf 84' lang='lat' dir='ltr'><strong>beatae?</strong></span> 
     </span>
    </p>

    <p class='ocr_par' dir='ltr' id='par_1_3' title="bbox 56 675 1039 1207">
     <span class='ocr_line' id='line_1_5' title="bbox 56 675 991 760; baseline 0.007 -23"><span class='ocrx_word' id='word_1_24' title='bbox 56 683 88 738; x_wconf 78' lang='lat' dir='ltr'><strong>ro</strong></span> <span class='ocrx_word' id='word_1_25' title='bbox 109 675 269 742; x_wconf 79' lang='lat' dir='ltr'><strong>unciolam</strong></span> <span class='ocrx_word' id='word_1_26' title='bbox 292 677 480 744; x_wconf 88' lang='lat' dir='ltr'><strong>Proculeius</strong></span> <span class='ocrx_word' id='word_1_27' title='bbox 501 676 608 760; x_wconf 69' lang='lat' dir='ltr'><strong>habet,</strong></span> <span class='ocrx_word' id='word_1_28' title='bbox 633 677 692 744; x_wconf 90' lang='lat' dir='ltr'><strong>sed</strong></span> <span class='ocrx_word' id='word_1_29' title='bbox 714 678 802 744; x_wconf 78' lang='lat' dir='ltr'><strong>Gillo</strong></span> <span class='ocrx_word' id='word_1_30' title='bbox 824 678 991 760; x_wconf 87' lang='lat' dir='ltr'><strong>deuncem,</strong></span> 
     </span>
     <span class='ocr_line' id='line_1_6' title="bbox 106 788 1039 873; baseline 0.001 -20"><span class='ocrx_word' id='word_1_31' title='bbox 106 794 216 871; x_wconf 89' lang='lat' dir='ltr'><strong>partes</strong></span> <span class='ocrx_word' id='word_1_32' title='bbox 238 789 378 872; x_wconf 85' lang='lat' dir='ltr'><strong>quisque</strong></span> <span class='ocrx_word' id='word_1_33' title='bbox 400 807 476 854; x_wconf 85' lang='lat' dir='ltr'><strong>suas</strong></span> <span class='ocrx_word' id='word_1_34' title='bbox 497 788 541 855; x_wconf 85' lang='lat' dir='ltr'><strong>sd</strong></span> <span class='ocrx_word' id='word_1_35' title='bbox 562 807 747 856; x_wconf 86' lang='lat' dir='ltr'><strong>mensuram</strong></span> <span class='ocrx_word' id='word_1_36' title='bbox 768 791 912 873; x_wconf 78' lang='lat' dir='ltr'><strong>inguinis</strong></span> <span class='ocrx_word' id='word_1_37' title='bbox 935 789 1039 857; x_wconf 88' lang='lat' dir='ltr'><strong>heres.</strong></span> 
     </span>
     <span class='ocr_line' id='line_1_7' title="bbox 107 899 866 986; baseline 0.004 -22"><span class='ocrx_word' id='word_1_38' title='bbox 107 900 247 984; x_wconf 79' lang='lat' dir='ltr'><strong>accipiat</strong></span> <span class='ocrx_word' id='word_1_39' title='bbox 268 919 348 966; x_wconf 90' lang='lat' dir='ltr'><strong>sane</strong></span> <span class='ocrx_word' id='word_1_40' title='bbox 369 899 552 966; x_wconf 76' lang='lat' dir='ltr'><strong>mercedem</strong></span> <span class='ocrx_word' id='word_1_41' title='bbox 573 901 742 986; x_wconf 85' lang='lat' dir='ltr'><strong>sanguinis</strong></span> <span class='ocrx_word' id='word_1_42' title='bbox 765 908 798 967; x_wconf 88' lang='lat' dir='ltr'><strong>et</strong></span> <span class='ocrx_word' id='word_1_43' title='bbox 820 900 866 967; x_wconf 90' lang='lat' dir='ltr'><strong>sic</strong></span> 
     </span>
     <span class='ocr_line' id='line_1_8' title="bbox 105 1011 970 1097; baseline 0.002 -21"><span class='ocrx_word' id='word_1_44' title='bbox 105 1011 238 1094; x_wconf 77' lang='lat' dir='ltr'><strong>palleat,</strong></span> <span class='ocrx_word' id='word_1_45' title='bbox 263 1017 299 1076; x_wconf 90' lang='lat' dir='ltr'><strong>ut</strong></span> <span class='ocrx_word' id='word_1_46' title='bbox 319 1011 414 1078; x_wconf 88' lang='lat' dir='ltr'><strong>undis</strong></span> <span class='ocrx_word' id='word_1_47' title='bbox 436 1014 556 1096; x_wconf 80' lang='lat' dir='ltr'><strong>pressit</strong></span> <span class='ocrx_word' id='word_1_48' title='bbox 577 1013 632 1095; x_wconf 90' lang='lat' dir='ltr'><strong>qui</strong></span> <span class='ocrx_word' id='word_1_49' title='bbox 655 1012 798 1078; x_wconf 88' lang='lat' dir='ltr'><strong>calcibus</strong></span> <span class='ocrx_word' id='word_1_50' title='bbox 821 1032 970 1097; x_wconf 82' lang='lat' dir='ltr'><strong>anguem,</strong></span> 
     </span>
     <span class='ocr_line' id='line_1_9' title="bbox 106 1122 939 1207; baseline 0.001 -19"><span class='ocrx_word' id='word_1_51' title='bbox 106 1129 160 1190; x_wconf 85' lang='lat' dir='ltr'><strong>aut</strong></span> <span class='ocrx_word' id='word_1_52' title='bbox 180 1122 456 1207; x_wconf 83' lang='lat' dir='ltr'><strong>Lugudunensem</strong></span> <span class='ocrx_word' id='word_1_53' title='bbox 477 1123 586 1190; x_wconf 83' lang='lat' dir='ltr'><strong>rhetor</strong></span> <span class='ocrx_word' id='word_1_54' title='bbox 608 1123 752 1190; x_wconf 86' lang='lat' dir='ltr'><strong>dicturus</strong></span> <span class='ocrx_word' id='word_1_55' title='bbox 773 1123 817 1191; x_wconf 89' lang='lat' dir='ltr'><strong>ad</strong></span> <span class='ocrx_word' id='word_1_56' title='bbox 839 1144 939 1190; x_wconf 87' lang='lat' dir='ltr'><strong>aram.</strong></span> 
     </span>
    </p>
   </div>
   <div class='ocr_carea' id='block_1_3' title="bbox 43 1243 225 1255">
    <p class='ocr_par' dir='ltr' id='par_1_4' title="bbox 43 1243 225 1255">
     <span class='ocr_line' id='line_1_10' title="bbox 43 1243 225 1255; baseline 0.022 -4"><span class='ocrx_word' id='word_1_57' title='bbox 43 1243 225 1255; x_wconf 71' lang='lat'><strong>——-</strong></span> 
     </span>
    </p>
   </div>
   <div class='ocr_carea' id='block_1_4' title="bbox 42 1311 1150 1894">
    <p class='ocr_par' dir='ltr' id='par_1_5' title="bbox 42 1311 1150 1894">
     <span class='ocr_line' id='line_1_11' title="bbox 121 1311 603 1380; baseline 0.004 -18"><span class='ocrx_word' id='word_1_58' title='bbox 121 1312 161 1362; x_wconf 78' lang='grc'><strong>41.</strong></span> <span class='ocrx_word' id='word_1_59' title='bbox 197 1311 421 1380; x_wconf 58' lang='lat' dir='ltr'><strong>lugdunensem</strong></span> <span class='ocrx_word' id='word_1_60' title='bbox 439 1329 515 1366; x_wconf 69' lang='lat' dir='ltr'><strong>masa</strong></span> <span class='ocrx_word' id='word_1_61' title='bbox 533 1328 552 1367; x_wconf 89' lang='lat' dir='ltr'><strong>n</strong></span> <span class='ocrx_word' id='word_1_62' title='bbox 570 1313 603 1366; x_wconf 89' lang='lat' dir='ltr'><strong>P.</strong></span> 
     </span>
     <span class='ocr_line' id='line_1_12' title="bbox 121 1481 1150 1554; baseline 0.009 -22"><span class='ocrx_word' id='word_1_63' title='bbox 121 1483 160 1533; x_wconf 82' lang='grc'><strong>13.</strong></span> <span class='ocrx_word' id='word_1_64' title='bbox 197 1481 284 1552; x_wconf 83' lang='lat' dir='ltr'><strong>Verg.</strong></span> <span class='ocrx_word' id='word_1_65' title='bbox 298 1482 333 1539; x_wconf 80' lang='lat' dir='ltr'><strong>A.</strong></span> <span class='ocrx_word' id='word_1_66' title='bbox 347 1483 376 1538; x_wconf 91' lang='grc' dir='ltr'><strong><em>Π</em></strong></span> <span class='ocrx_word' id='word_1_67' title='bbox 389 1485 439 1535; x_wconf 79' lang='grc'><strong>379</strong></span> <span class='ocrx_word' id='word_1_68' title='bbox 463 1484 646 1553; x_wconf 84' lang='lat' dir='ltr'><strong>improvisum</strong></span> <span class='ocrx_word' id='word_1_69' title='bbox 668 1485 758 1554; x_wconf 77' lang='lat' dir='ltr'><strong>aspris</strong></span> <span class='ocrx_word' id='word_1_70' title='bbox 776 1483 865 1540; x_wconf 83' lang='lat' dir='ltr'><strong>veluti</strong></span> <span class='ocrx_word' id='word_1_71' title='bbox 884 1485 933 1554; x_wconf 90' lang='lat' dir='ltr'><strong>qui</strong></span> <span class='ocrx_word' id='word_1_72' title='bbox 957 1485 1085 1543; x_wconf 85' lang='lat' dir='ltr'><strong>sentibus</strong></span> <span class='ocrx_word' id='word_1_73' title='bbox 1101 1502 1150 1541; x_wconf 85' lang='lat' dir='ltr'><strong>an·</strong></span> 
     </span>
     <span class='ocr_line' id='line_1_13' title="bbox 42 1567 902 1640; baseline 0.008 -22"><span class='ocrx_word' id='word_1_74' title='bbox 42 1579 105 1630; x_wconf 77' lang='lat' dir='ltr'><strong>guen</strong></span> <span class='ocrx_word' id='word_1_75' title='bbox 120 1567 228 1623; x_wconf 81' lang='lat' dir='ltr'><strong>Pressit</strong></span> <span class='ocrx_word' id='word_1_76' title='bbox 246 1569 324 1624; x_wconf 89' lang='lat' dir='ltr'><strong>humi</strong></span> <span class='ocrx_word' id='word_1_77' title='bbox 341 1569 435 1625; x_wconf 87' lang='lat' dir='ltr'><strong>nitens</strong></span> <span class='ocrx_word' id='word_1_78' title='bbox 452 1568 637 1640; x_wconf 78' lang='lat' dir='ltr'><strong>trepidusque</strong></span> <span class='ocrx_word' id='word_1_79' title='bbox 654 1576 772 1639; x_wconf 87' lang='lat' dir='ltr'><strong>repente</strong></span> <span class='ocrx_word' id='word_1_80' title='bbox 789 1569 902 1640; x_wconf 80' lang='lat' dir='ltr'><strong>refugit</strong></span> 
     </span>
     <span class='ocr_line' id='line_1_14' title="bbox 92 1739 1097 1809; baseline 0.008 -20"><span class='ocrx_word' id='word_1_81' title='bbox 92 1739 127 1790; x_wconf 76' lang='lat'><strong>³9.</strong></span> <span class='ocrx_word' id='word_1_82' title='bbox 160 1740 302 1795; x_wconf 84' lang='lat' dir='ltr'><strong>Priscian.</strong></span> <span class='ocrx_word' id='word_1_83' title='bbox 315 1739 397 1806; x_wconf 78' lang='lat'>1116,</span> <span class='ocrx_word' id='word_1_84' title='bbox 410 1741 443 1793; x_wconf 81' lang='lat'><strong>34</strong></span> <span class='ocrx_word' id='word_1_85' title='bbox 461 1739 542 1796; x_wconf 81' lang='lat' dir='ltr'><strong>GLK.</strong></span> <span class='ocrx_word' id='word_1_86' title='bbox 562 1741 592 1796; x_wconf 92' lang='grc' dir='ltr'><strong>ΙΙ</strong></span> <span class='ocrx_word' id='word_1_87' title='bbox 605 1743 662 1809; x_wconf 80' lang='grc'>101,</span> <span class='ocrx_word' id='word_1_88' title='bbox 675 1743 708 1794; x_wconf 80' lang='lat'><strong>20</strong></span> <span class='ocrx_word' id='word_1_89' title='bbox 728 1741 848 1807; x_wconf 82' lang='lat' dir='ltr'><strong>(vetulae</strong></span> <span class='ocrx_word' id='word_1_90' title='bbox 866 1741 963 1798; x_wconf 84' lang='lat' dir='ltr'><strong>vesica</strong></span> <span class='ocrx_word' id='word_1_91' title='bbox 978 1740 1097 1808; x_wconf 64' lang='lat' dir='ltr'><strong>besue).</strong></span> 
     </span>
     <span class='ocr_line' id='line_1_15' title="bbox 91 1825 698 1894; baseline 0.007 -18"><span class='ocrx_word' id='word_1_92' title='bbox 91 1827 126 1876; x_wconf 84' lang='grc'><strong>10.</strong></span> <span class='ocrx_word' id='word_1_93' title='bbox 159 1825 300 1882; x_wconf 76' lang='lat' dir='ltr'><strong>Priscian.</strong></span> <span class='ocrx_word' id='word_1_94' title='bbox 313 1826 358 1881; x_wconf 90' lang='lat'><strong>111</strong></span> <span class='ocrx_word' id='word_1_95' title='bbox 372 1829 394 1893; x_wconf 82' lang='grc'><strong>7,</strong></span> <span class='ocrx_word' id='word_1_96' title='bbox 406 1828 439 1878; x_wconf 80' lang='grc'><strong>41</strong></span> <span class='ocrx_word' id='word_1_97' title='bbox 459 1825 542 1882; x_wconf 81' lang='lat' dir='ltr'><strong>GLK.</strong></span> <span class='ocrx_word' id='word_1_98' title='bbox 561 1828 591 1882; x_wconf 93' lang='lat'><strong>11</strong></span> <span class='ocrx_word' id='word_1_99' title='bbox 605 1829 662 1894; x_wconf 80' lang='grc'>113,</span> <span class='ocrx_word' id='word_1_100' title='bbox 673 1831 698 1880; x_wconf 77' lang='grc'><strong>1.</strong></span> 
     </span>
    </p>
   </div>
   <div class='ocr_carea' id='block_1_5' title="bbox 42 1997 1150 2146">
    <p class='ocr_par' dir='ltr' id='par_1_6' title="bbox 42 1997 1150 2146">
     <span class='ocr_line' id='line_1_16' title="bbox 92 1997 1150 2066; baseline 0 -11"><span class='ocrx_word' id='word_1_101' title='bbox 92 1999 127 2048; x_wconf 78' lang='lat'><strong>37.</strong></span> <span class='ocrx_word' id='word_1_102' title='bbox 161 2003 351 2052; x_wconf 72' lang='lat' dir='ltr'><strong>amenocsum.</strong></span> <span class='ocrx_word' id='word_1_103' title='bbox 387 2002 411 2066; x_wconf 88' lang='lat'><strong>3,</strong></span> <span class='ocrx_word' id='word_1_104' title='bbox 426 1999 473 2050; x_wconf 80' lang='grc'><strong>124</strong></span> <span class='ocrx_word' id='word_1_105' title='bbox 486 1997 583 2054; x_wconf 89' lang='lat' dir='ltr'><strong>limine</strong></span> <span class='ocrx_word' id='word_1_106' title='bbox 595 2013 772 2054; x_wconf 85' lang='lat' dir='ltr'><strong>summoveor</strong></span> <span class='ocrx_word' id='word_1_107' title='bbox 789 1998 885 2055; x_wconf 79' lang='lat' dir='ltr'><strong>Horat</strong></span> <span class='ocrx_word' id='word_1_108' title='bbox 898 1998 957 2055; x_wconf 87' lang='lat' dir='ltr'><strong>Sat</strong></span> <span class='ocrx_word' id='word_1_109' title='bbox 969 2000 1020 2066; x_wconf 81' lang='lat'><strong>19,</strong></span> <span class='ocrx_word' id='word_1_110' title='bbox 1032 2001 1065 2052; x_wconf 78' lang='lat' dir='ltr'><strong>st</strong></span> <span class='ocrx_word' id='word_1_111' title='bbox 1084 2000 1150 2058; x_wconf 88' lang='lat' dir='ltr'><strong>Dis·</strong></span> 
     </span>
     <span class='ocr_line' id='line_1_17' title="bbox 42 2083 494 2146; baseline -0.022 1"><span class='ocrx_word' id='word_1_112' title='bbox 42 2094 130 2146; x_wconf 69' lang='lat' dir='ltr'><strong>itrenn</strong></span> <span class='ocrx_word' id='word_1_113' title='bbox 146 2085 176 2140; x_wconf 92' lang='lat' dir='ltr'><strong>ni</strong></span> <span class='ocrx_word' id='word_1_114' title='bbox 194 2083 373 2141; x_wconf 76' lang='lat' dir='ltr'><strong>summosses</strong></span> <span class='ocrx_word' id='word_1_115' title='bbox 391 2099 494 2140; x_wconf 86' lang='lat' dir='ltr'><strong>omnes.</strong></span> 
     </span>
    </p>
   </div>
   <div class='ocr_carea' id='block_1_6' title="bbox 92 2169 1223 2239">
    <p class='ocr_par' dir='ltr' id='par_1_7' title="bbox 92 2169 1223 2239">
     <span class='ocr_line' id='line_1_18' title="bbox 92 2169 1223 2239; baseline 0.008 -20"><span class='ocrx_word' id='word_1_116' title='bbox 92 2169 127 2220; x_wconf 76' lang='lat'><strong>³8.</strong></span> <span class='ocrx_word' id='word_1_117' title='bbox 163 2169 306 2226; x_wconf 64' lang='lat' dir='ltr'><strong>Noctem.</strong></span> <span class='ocrx_word' id='word_1_118' title='bbox 343 2169 402 2226; x_wconf 78' lang='lat' dir='ltr'><strong>cio.</strong></span> <span class='ocrx_word' id='word_1_119' title='bbox 423 2171 460 2226; x_wconf 82' lang='lat' dir='ltr'><strong>ad</strong></span> <span class='ocrx_word' id='word_1_120' title='bbox 480 2169 539 2226; x_wconf 79' lang='lat' dir='ltr'><strong>stt.</strong></span> <span class='ocrx_word' id='word_1_121' title='bbox 561 2170 576 2225; x_wconf 95' lang='grc' dir='ltr'>Ι</span> <span class='ocrx_word' id='word_1_122' title='bbox 596 2171 671 2239; x_wconf 80' lang='grc'>16,5</span> <span class='ocrx_word' id='word_1_123' title='bbox 703 2175 802 2226; x_wconf 85' lang='lat' dir='ltr'><strong>noctes</strong></span> <span class='ocrx_word' id='word_1_124' title='bbox 829 2173 967 2226; x_wconf 82' lang='lat' dir='ltr'><strong>certarum</strong></span> <span class='ocrx_word' id='word_1_125' title='bbox 993 2170 1148 2228; x_wconf 84' lang='lat' dir='ltr'><strong>mulierum</strong></span> <span class='ocrx_word' id='word_1_126' title='bbox 1219 2197 1223 2205; x_wconf 76' lang='lat'><em>=</em></span> 
     </span>
    </p>
   </div>
   <div class='ocr_carea' id='block_1_7' title="bbox 41 2247 1150 4216">
    <p class='ocr_par' dir='ltr' id='par_1_8' title="bbox 42 2247 566 2324">
     <span class='ocr_line' id='line_1_19' title="bbox 42 2247 566 2324; baseline 0 -17"><span class='ocrx_word' id='word_1_127' title='bbox 42 2247 135 2314; x_wconf 70' lang='lat' dir='ltr'><strong>Quinti</strong></span> <span class='ocrx_word' id='word_1_128' title='bbox 148 2254 230 2312; x_wconf 87' lang='lat' dir='ltr'><strong>Deol.</strong></span> <span class='ocrx_word' id='word_1_129' title='bbox 245 2258 297 2324; x_wconf 78' lang='lat' dir='ltr'><strong>2,t</strong></span> <span class='ocrx_word' id='word_1_130' title='bbox 315 2257 443 2311; x_wconf 89' lang='lat' dir='ltr'><strong>noctium</strong></span> <span class='ocrx_word' id='word_1_131' title='bbox 460 2257 566 2313; x_wconf 82' lang='lat' dir='ltr'><strong>merite.</strong></span> 
     </span>
    </p>

    <p class='ocr_par' dir='ltr' id='par_1_9' title="bbox 41 2339 1147 2497">
     <span class='ocr_line' id='line_1_20' title="bbox 92 2339 1147 2410; baseline 0.004 -20"><span class='ocrx_word' id='word_1_132' title='bbox 92 2339 117 2392; x_wconf 77' lang='lat' dir='ltr'><strong>in</strong></span> <span class='ocrx_word' id='word_1_133' title='bbox 142 2344 246 2396; x_wconf 68' lang='lat' dir='ltr'><strong>calum</strong></span> <span class='ocrx_word' id='word_1_134' title='bbox 271 2359 336 2410; x_wconf 79' lang='lat' dir='ltr'><strong>quos</strong></span> <span class='ocrx_word' id='word_1_135' title='bbox 361 2341 446 2394; x_wconf 74' lang='lat' dir='ltr'><strong>metit</strong></span> <span class='ocrx_word' id='word_1_136' title='bbox 471 2342 527 2396; x_wconf 85' lang='lat' dir='ltr'><strong>wel</strong></span> <span class='ocrx_word' id='word_1_137' title='bbox 549 2341 605 2398; x_wconf 87' lang='lat' dir='ltr'><strong>wie</strong></span> <span class='ocrx_word' id='word_1_138' title='bbox 629 2342 725 2398; x_wconf 81' lang='lat' dir='ltr'><strong>evehit</strong></span> <span class='ocrx_word' id='word_1_139' title='bbox 747 2342 785 2397; x_wconf 84' lang='lat' dir='ltr'><strong>sd</strong></span> <span class='ocrx_word' id='word_1_140' title='bbox 807 2341 875 2397; x_wconf 91' lang='lat' dir='ltr'><strong>deos</strong></span> <span class='ocrx_word' id='word_1_141' title='bbox 899 2340 1004 2407; x_wconf 85' lang='lat' dir='ltr'><strong>(Horat</strong></span> <span class='ocrx_word' id='word_1_142' title='bbox 1017 2339 1046 2396; x_wconf 80' lang='lat' dir='ltr'><strong>(i.</strong></span> <span class='ocrx_word' id='word_1_143' title='bbox 1059 2341 1074 2396; x_wconf 89' lang='lat'><em>1</em></span> <span class='ocrx_word' id='word_1_144' title='bbox 1087 2343 1110 2408; x_wconf 85' lang='lat'><strong>1,</strong></span> <span class='ocrx_word' id='word_1_145' title='bbox 1123 2344 1147 2406; x_wconf 80' lang='grc'><strong>6)</strong></span> 
     </span>
     <span class='ocr_line' id='line_1_21' title="bbox 41 2424 579 2497; baseline 0.006 -20"><span class='ocrx_word' id='word_1_146' title='bbox 41 2424 253 2494; x_wconf 74' lang='lat' dir='ltr'><strong>sudchwtirilich‚</strong></span> <span class='ocrx_word' id='word_1_147' title='bbox 271 2427 352 2482; x_wconf 87' lang='lat' dir='ltr'><strong>nicht</strong></span> <span class='ocrx_word' id='word_1_148' title='bbox 367 2426 415 2483; x_wconf 92' lang='lat' dir='ltr'><strong>bei</strong></span> <span class='ocrx_word' id='word_1_149' title='bbox 433 2425 498 2482; x_wconf 82' lang='lat' dir='ltr'><strong>orto</strong></span> <span class='ocrx_word' id='word_1_150' title='bbox 517 2425 579 2497; x_wconf 85' lang='lat' dir='ltr'><strong>Spr.</strong></span> 
     </span>
    </p>

    <p class='ocr_par' dir='ltr' id='par_1_10' title="bbox 41 2511 1150 2998">
     <span class='ocr_line' id='line_1_22' title="bbox 93 2511 1149 2583; baseline 0.003 -20"><span class='ocrx_word' id='word_1_151' title='bbox 93 2513 128 2564; x_wconf 79' lang='lat'><strong>39.</strong></span> <span class='ocrx_word' id='word_1_152' title='bbox 159 2531 303 2583; x_wconf 74' lang='lat' dir='ltr'><strong>processus</strong></span> <span class='ocrx_word' id='word_1_153' title='bbox 320 2511 465 2568; x_wconf 81' lang='lat' dir='ltr'><strong>Vorwiirts</strong></span> <span class='ocrx_word' id='word_1_154' title='bbox 477 2511 615 2568; x_wconf 83' lang='lat' dir='ltr'><strong>kommen.</strong></span> <span class='ocrx_word' id='word_1_155' title='bbox 639 2512 677 2569; x_wconf 84' lang='lat' dir='ltr'><strong>So</strong></span> <span class='ocrx_word' id='word_1_156' title='bbox 689 2530 711 2568; x_wconf 83' lang='lat' dir='ltr'><strong>r.</strong></span> <span class='ocrx_word' id='word_1_157' title='bbox 724 2513 754 2567; x_wconf 93' lang='lat' dir='ltr'><strong>B.</strong></span> <span class='ocrx_word' id='word_1_158' title='bbox 768 2511 877 2568; x_wconf 87' lang='lat' dir='ltr'><strong>Seneca</strong></span> <span class='ocrx_word' id='word_1_159' title='bbox 887 2512 955 2568; x_wconf 90' lang='lat' dir='ltr'><strong>Ben.</strong></span> <span class='ocrx_word' id='word_1_160' title='bbox 969 2512 983 2567; x_wconf 92' lang='grc' dir='ltr'>Ι</span> <span class='ocrx_word' id='word_1_161' title='bbox 997 2514 1037 2578; x_wconf 90' lang='lat'><strong>11,</strong></span> <span class='ocrx_word' id='word_1_162' title='bbox 1050 2515 1066 2564; x_wconf 78' lang='lat' dir='ltr'><strong>t</strong></span> <span class='ocrx_word' id='word_1_163' title='bbox 1083 2527 1149 2581; x_wconf 87' lang='lat' dir='ltr'><strong>pro·</strong></span> 
     </span>
     <span class='ocr_line' id='line_1_23' title="bbox 41 2595 1149 2667; baseline 0.003 -18"><span class='ocrx_word' id='word_1_164' title='bbox 41 2607 117 2652; x_wconf 79' lang='lat' dir='ltr'><strong>ecssm</strong></span> <span class='ocrx_word' id='word_1_165' title='bbox 133 2598 169 2653; x_wconf 81' lang='lat' dir='ltr'><strong>ad</strong></span> <span class='ocrx_word' id='word_1_166' title='bbox 186 2598 292 2655; x_wconf 80' lang='lat' dir='ltr'><strong>altiora</strong></span> <span class='ocrx_word' id='word_1_167' title='bbox 308 2599 493 2654; x_wconf 83' lang='lat' dir='ltr'><strong>tendentium.</strong></span> <span class='ocrx_word' id='word_1_168' title='bbox 528 2597 723 2667; x_wconf 60' lang='lat' dir='ltr'><strong>hannani,</strong></span> <span class='ocrx_word' id='word_1_169' title='bbox 739 2600 767 2650; x_wconf 94' lang='grc'><strong>11</strong></span> <span class='ocrx_word' id='word_1_170' title='bbox 793 2597 971 2652; x_wconf 70' lang='lat' dir='ltr'><strong>aversatione</strong></span> <span class='ocrx_word' id='word_1_171' title='bbox 993 2595 1149 2652; x_wconf 80' lang='lat' dir='ltr'><strong>alienorum</strong></span> 
     </span>
     <span class='ocr_line' id='line_1_24' title="bbox 42 2681 1150 2754; baseline -0.003 -12"><span class='ocrx_word' id='word_1_172' title='bbox 42 2692 207 2742; x_wconf 58' lang='lat' dir='ltr'><strong>secessuum.</strong></span> <span class='ocrx_word' id='word_1_173' title='bbox 246 2683 331 2754; x_wconf 86' lang='lat' dir='ltr'><strong>Digg.</strong></span> <span class='ocrx_word' id='word_1_174' title='bbox 345 2683 443 2740; x_wconf 79' lang='lat' dir='ltr'>XXIV</span> <span class='ocrx_word' id='word_1_175' title='bbox 457 2686 522 2752; x_wconf 83' lang='grc'>1,11</span> <span class='ocrx_word' id='word_1_176' title='bbox 544 2684 699 2753; x_wconf 84' lang='lat' dir='ltr'><strong>Imperator</strong></span> <span class='ocrx_word' id='word_1_177' title='bbox 716 2681 880 2740; x_wconf 77' lang='lat' dir='ltr'><strong>Antoninus</strong></span> <span class='ocrx_word' id='word_1_178' title='bbox 891 2683 1048 2749; x_wconf 88' lang='lat' dir='ltr'><strong>constituit,</strong></span> <span class='ocrx_word' id='word_1_179' title='bbox 1067 2688 1100 2738; x_wconf 86' lang='lat' dir='ltr'><strong>ut</strong></span> <span class='ocrx_word' id='word_1_180' title='bbox 1111 2684 1150 2739; x_wconf 83' lang='lat' dir='ltr'><strong>ad</strong></span> 
     </span>
     <span class='ocr_line' id='line_1_25' title="bbox 42 2769 1148 2839; baseline -0.003 -11"><span class='ocrx_word' id='word_1_181' title='bbox 42 2777 166 2828; x_wconf 58' lang='lat' dir='ltr'><strong>insessor</strong></span> <span class='ocrx_word' id='word_1_182' title='bbox 183 2771 242 2827; x_wconf 83' lang='lat' dir='ltr'><strong>viri</strong></span> <span class='ocrx_word' id='word_1_183' title='bbox 254 2785 326 2825; x_wconf 84' lang='lat' dir='ltr'><strong>uxor</strong></span> <span class='ocrx_word' id='word_1_184' title='bbox 343 2771 370 2825; x_wconf 88' lang='lat' dir='ltr'><strong>ei</strong></span> <span class='ocrx_word' id='word_1_185' title='bbox 389 2770 495 2827; x_wconf 85' lang='lat' dir='ltr'><strong>donare</strong></span> <span class='ocrx_word' id='word_1_186' title='bbox 512 2771 611 2839; x_wconf 87' lang='lat' dir='ltr'><strong>possit.</strong></span> <span class='ocrx_word' id='word_1_187' title='bbox 647 2771 680 2820; x_wconf 81' lang='grc'><strong>11</strong></span> <span class='ocrx_word' id='word_1_188' title='bbox 697 2799 733 2807; x_wconf 91' lang='grc'><strong>-</strong></span> <span class='ocrx_word' id='word_1_189' title='bbox 751 2773 782 2823; x_wconf 87' lang='lat' dir='ltr'><strong>ut</strong></span> <span class='ocrx_word' id='word_1_190' title='bbox 799 2783 867 2824; x_wconf 88' lang='lat' dir='ltr'><strong>ecce</strong></span> <span class='ocrx_word' id='word_1_191' title='bbox 884 2769 909 2824; x_wconf 91' lang='lat' dir='ltr'><strong>si</strong></span> <span class='ocrx_word' id='word_1_192' title='bbox 926 2785 998 2824; x_wconf 85' lang='lat' dir='ltr'><strong>uxor</strong></span> <span class='ocrx_word' id='word_1_193' title='bbox 1015 2770 1078 2825; x_wconf 86' lang='lat' dir='ltr'><strong>viro</strong></span> <span class='ocrx_word' id='word_1_194' title='bbox 1095 2769 1148 2825; x_wconf 84' lang='lat' dir='ltr'><strong>lsti</strong></span> 
     </span>
     <span class='ocr_line' id='line_1_26' title="bbox 43 2847 1148 2926; baseline 0.011 -27"><span class='ocrx_word' id='word_1_195' title='bbox 43 2847 99 2906; x_wconf 78' lang='lat' dir='ltr'><strong>clavi</strong></span> <span class='ocrx_word' id='word_1_196' title='bbox 118 2857 233 2924; x_wconf 76' lang='lat' dir='ltr'><strong>ostendi</strong></span> <span class='ocrx_word' id='word_1_197' title='bbox 257 2857 351 2925; x_wconf 84' lang='lat' dir='ltr'><strong>grstia</strong></span> <span class='ocrx_word' id='word_1_198' title='bbox 373 2856 461 2914; x_wconf 91' lang='lat' dir='ltr'><strong>donet</strong></span> <span class='ocrx_word' id='word_1_199' title='bbox 483 2855 529 2911; x_wconf 86' lang='lat' dir='ltr'><strong>vel</strong></span> <span class='ocrx_word' id='word_1_200' title='bbox 551 2861 583 2910; x_wconf 91' lang='lat' dir='ltr'><strong>nt</strong></span> <span class='ocrx_word' id='word_1_201' title='bbox 601 2856 739 2926; x_wconf 84' lang='lat' dir='ltr'><strong>equestris</strong></span> <span class='ocrx_word' id='word_1_202' title='bbox 757 2855 865 2910; x_wconf 79' lang='lat' dir='ltr'><strong>ordinis</strong></span> <span class='ocrx_word' id='word_1_203' title='bbox 883 2854 933 2910; x_wconf 85' lang='lat' dir='ltr'><strong>fist</strong></span> <span class='ocrx_word' id='word_1_204' title='bbox 950 2854 995 2911; x_wconf 89' lang='lat' dir='ltr'><strong>vol</strong></span> <span class='ocrx_word' id='word_1_205' title='bbox 1018 2855 1148 2912; x_wconf 90' lang='lat' dir='ltr'><strong>ludorum</strong></span> 
     </span>
     <span class='ocr_line' id='line_1_27' title="bbox 42 2937 119 2998; baseline 0.052 -10"><span class='ocrx_word' id='word_1_206' title='bbox 42 2937 119 2998; x_wconf 76' lang='lat' dir='ltr'><strong>grstia</strong></span> 
     </span>
    </p>

    <p class='ocr_par' dir='ltr' id='par_1_11' title="bbox 43 3025 1149 3181">
     <span class='ocr_line' id='line_1_28' title="bbox 93 3025 1149 3096; baseline 0.002 -16"><span class='ocrx_word' id='word_1_207' title='bbox 93 3026 172 3080; x_wconf 71' lang='lat' dir='ltr'><strong>scira</strong></span> <span class='ocrx_word' id='word_1_208' title='bbox 189 3051 221 3074; x_wconf 89' lang='lat'>=</span> <span class='ocrx_word' id='word_1_209' title='bbox 243 3026 328 3083; x_wconf 85' lang='lat' dir='ltr'><strong>volva</strong></span> <span class='ocrx_word' id='word_1_210' title='bbox 351 3042 403 3083; x_wconf 89' lang='lat' dir='ltr'><strong>nur</strong></span> <span class='ocrx_word' id='word_1_211' title='bbox 426 3027 500 3096; x_wconf 88' lang='lat' dir='ltr'><strong>hier;</strong></span> <span class='ocrx_word' id='word_1_212' title='bbox 525 3028 563 3082; x_wconf 90' lang='lat' dir='ltr'><strong>im</strong></span> <span class='ocrx_word' id='word_1_213' title='bbox 581 3025 771 3096; x_wconf 84' lang='lat' dir='ltr'><strong>eigentlichen</strong></span> <span class='ocrx_word' id='word_1_214' title='bbox 790 3025 878 3082; x_wconf 86' lang='lat' dir='ltr'><strong>Sinna</strong></span> <span class='ocrx_word' id='word_1_215' title='bbox 896 3028 920 3092; x_wconf 88' lang='lat'><strong>6,</strong></span> <span class='ocrx_word' id='word_1_216' title='bbox 933 3028 974 3078; x_wconf 82' lang='grc'><strong>61.</strong></span> <span class='ocrx_word' id='word_1_217' title='bbox 1009 3026 1149 3084; x_wconf 87' lang='lat' dir='ltr'><strong>Dassolbe</strong></span> 
     </span>
     <span class='ocr_line' id='line_1_29' title="bbox 43 3103 1147 3181; baseline 0.004 -17"><span class='ocrx_word' id='word_1_218' title='bbox 43 3103 153 3167; x_wconf 76' lang='lat' dir='ltr'><strong>Geuerbe</strong></span> <span class='ocrx_word' id='word_1_219' title='bbox 164 3112 286 3168; x_wconf 75' lang='lat' dir='ltr'><strong>iiartial.</strong></span> <span class='ocrx_word' id='word_1_220' title='bbox 298 3112 342 3167; x_wconf 90' lang='lat' dir='ltr'><strong>XI</strong></span> <span class='ocrx_word' id='word_1_221' title='bbox 356 3115 396 3180; x_wconf 81' lang='lat' dir='ltr'><strong>et,</strong></span> <span class='ocrx_word' id='word_1_222' title='bbox 407 3116 422 3166; x_wconf 88' lang='grc'>3</span> <span class='ocrx_word' id='word_1_223' title='bbox 434 3129 510 3168; x_wconf 86' lang='lat' dir='ltr'><strong>nuno</strong></span> <span class='ocrx_word' id='word_1_224' title='bbox 520 3113 639 3169; x_wconf 81' lang='lat' dir='ltr'><strong>sectaris</strong></span> <span class='ocrx_word' id='word_1_225' title='bbox 651 3127 733 3169; x_wconf 84' lang='lat' dir='ltr'><strong>anus:</strong></span> <span class='ocrx_word' id='word_1_226' title='bbox 753 3128 771 3166; x_wconf 91' lang='lat' dir='ltr'><strong>o</strong></span> <span class='ocrx_word' id='word_1_227' title='bbox 783 3117 919 3181; x_wconf 85' lang='lat' dir='ltr'><strong>quantum</strong></span> <span class='ocrx_word' id='word_1_228' title='bbox 931 3112 1011 3180; x_wconf 85' lang='lat' dir='ltr'><strong>cogit</strong></span> <span class='ocrx_word' id='word_1_229' title='bbox 1028 3118 1147 3180; x_wconf 72' lang='lat' dir='ltr'><strong>egaeas</strong></span> 
     </span>
    </p>

    <p class='ocr_par' dir='ltr' id='par_1_12' title="bbox 44 3196 1148 3440">
     <span class='ocr_line' id='line_1_30' title="bbox 94 3196 1146 3266; baseline -0.002 -12"><span class='ocrx_word' id='word_1_230' title='bbox 94 3199 129 3248; x_wconf 75' lang='lat'><strong>4⁰.</strong></span> <span class='ocrx_word' id='word_1_231' title='bbox 163 3197 241 3254; x_wconf 78' lang='lat' dir='ltr'><strong>Gillo</strong></span> <span class='ocrx_word' id='word_1_232' title='bbox 265 3199 324 3254; x_wconf 92' lang='lat' dir='ltr'><strong>und</strong></span> <span class='ocrx_word' id='word_1_233' title='bbox 348 3197 513 3254; x_wconf 86' lang='lat' dir='ltr'><strong>Proculeius</strong></span> <span class='ocrx_word' id='word_1_234' title='bbox 538 3199 602 3256; x_wconf 91' lang='lat' dir='ltr'><strong>sind</strong></span> <span class='ocrx_word' id='word_1_235' title='bbox 625 3196 771 3254; x_wconf 85' lang='lat' dir='ltr'><strong>vielleicht</strong></span> <span class='ocrx_word' id='word_1_236' title='bbox 793 3196 855 3253; x_wconf 87' lang='lat' dir='ltr'><strong>hier</strong></span> <span class='ocrx_word' id='word_1_237' title='bbox 872 3197 1014 3266; x_wconf 88' lang='lat' dir='ltr'><strong>beliobige</strong></span> <span class='ocrx_word' id='word_1_238' title='bbox 1031 3198 1146 3265; x_wconf 80' lang='lat' dir='ltr'><strong>Nomen,</strong></span> 
     </span>
     <span class='ocr_line' id='line_1_31' title="bbox 44 3278 1148 3352; baseline 0.004 -18"><span class='ocrx_word' id='word_1_239' title='bbox 44 3278 83 3334; x_wconf 67' lang='lat' dir='ltr'><strong>tie</strong></span> <span class='ocrx_word' id='word_1_240' title='bbox 98 3280 173 3339; x_wconf 88' lang='lat' dir='ltr'><strong>Seius</strong></span> <span class='ocrx_word' id='word_1_241' title='bbox 191 3283 274 3350; x_wconf 79' lang='lat' dir='ltr'><strong>(auch</strong></span> <span class='ocrx_word' id='word_1_242' title='bbox 292 3284 354 3339; x_wconf 86' lang='lat' dir='ltr'><strong>Iuv.</strong></span> <span class='ocrx_word' id='word_1_243' title='bbox 366 3286 391 3350; x_wconf 82' lang='lat'><strong>4,</strong></span> <span class='ocrx_word' id='word_1_244' title='bbox 406 3287 445 3350; x_wconf 78' lang='lat'><strong>13)</strong></span> <span class='ocrx_word' id='word_1_245' title='bbox 464 3284 524 3338; x_wconf 90' lang='lat' dir='ltr'><strong>und</strong></span> <span class='ocrx_word' id='word_1_246' title='bbox 539 3283 641 3340; x_wconf 87' lang='lat' dir='ltr'><strong>Titius.</strong></span> <span class='ocrx_word' id='word_1_247' title='bbox 671 3284 712 3339; x_wconf 84' lang='lat' dir='ltr'><strong>Zn</strong></span> <span class='ocrx_word' id='word_1_248' title='bbox 729 3283 809 3338; x_wconf 80' lang='lat' dir='ltr'><strong>Mart</strong></span> <span class='ocrx_word' id='word_1_249' title='bbox 822 3283 849 3339; x_wconf 88' lang='lat' dir='ltr'>V</span> <span class='ocrx_word' id='word_1_250' title='bbox 862 3285 931 3351; x_wconf 63' lang='lat' dir='ltr'><strong>rte</strong></span> <span class='ocrx_word' id='word_1_251' title='bbox 948 3287 1016 3352; x_wconf 85' lang='lat' dir='ltr'><strong>post</strong></span> <span class='ocrx_word' id='word_1_252' title='bbox 1033 3282 1148 3338; x_wconf 81' lang='lat' dir='ltr'><strong>Gaium·</strong></span> 
     </span>
     <span class='ocr_line' id='line_1_32' title="bbox 44 3367 421 3440; baseline 0.016 -23"><span class='ocrx_word' id='word_1_253' title='bbox 44 3375 83 3428; x_wconf 80' lang='lat' dir='ltr'><strong>que</strong></span> <span class='ocrx_word' id='word_1_254' title='bbox 97 3367 267 3440; x_wconf 79' lang='lat' dir='ltr'><strong>Luciumque</strong></span> <span class='ocrx_word' id='word_1_255' title='bbox 285 3371 421 3427; x_wconf 87' lang='lat' dir='ltr'><strong>consedit.</strong></span> 
     </span>
    </p>

    <p class='ocr_par' dir='ltr' id='par_1_13' title="bbox 95 3454 926 3526">
     <span class='ocr_line' id='line_1_33' title="bbox 95 3454 926 3526; baseline -0.005 -17"><span class='ocrx_word' id='word_1_256' title='bbox 95 3455 131 3505; x_wconf 77' lang='grc'><strong>11.</strong></span> <span class='ocrx_word' id='word_1_257' title='bbox 165 3456 275 3526; x_wconf 67' lang='lat' dir='ltr'><strong>quiquo</strong></span> <span class='ocrx_word' id='word_1_258' title='bbox 292 3455 338 3512; x_wconf 80' lang='lat' dir='ltr'><strong>fiir</strong></span> <span class='ocrx_word' id='word_1_259' title='bbox 355 3463 481 3526; x_wconf 88' lang='lat' dir='ltr'><strong>uterque.</strong></span> <span class='ocrx_word' id='word_1_260' title='bbox 516 3456 615 3511; x_wconf 78' lang='lat' dir='ltr'><strong>Murro</strong></span> <span class='ocrx_word' id='word_1_261' title='bbox 634 3454 926 3510; x_wconf 86' lang='lat' dir='ltr'><strong>uuLucret.111333.</strong></span> 
     </span>
    </p>

    <p class='ocr_par' dir='ltr' id='par_1_14' title="bbox 51 3539 1147 3698">
     <span class='ocr_line' id='line_1_34' title="bbox 95 3539 1147 3612; baseline -0.003 -16"><span class='ocrx_word' id='word_1_262' title='bbox 95 3539 130 3591; x_wconf 73' lang='lat'><strong>4².</strong></span> <span class='ocrx_word' id='word_1_263' title='bbox 163 3541 471 3612; x_wconf 62' lang='lat' dir='ltr'><strong>moderamentum.</strong></span> <span class='ocrx_word' id='word_1_264' title='bbox 507 3540 619 3597; x_wconf 83' lang='lat' dir='ltr'><strong>Andors</strong></span> <span class='ocrx_word' id='word_1_265' title='bbox 646 3542 686 3607; x_wconf 87' lang='grc'><strong>11,</strong></span> <span class='ocrx_word' id='word_1_266' title='bbox 707 3542 757 3594; x_wconf 80' lang='grc'><strong>164</strong></span> <span class='ocrx_word' id='word_1_267' title='bbox 778 3556 884 3598; x_wconf 85' lang='lat' dir='ltr'><strong>merces</strong></span> <span class='ocrx_word' id='word_1_268' title='bbox 906 3540 977 3596; x_wconf 88' lang='lat' dir='ltr'><strong>haec</strong></span> <span class='ocrx_word' id='word_1_269' title='bbox 999 3539 1147 3608; x_wconf 87' lang='lat' dir='ltr'><strong>sanguinis</strong></span> 
     </span>
     <span class='ocr_line' id='line_1_35' title="bbox 51 3617 643 3698; baseline 0.014 -26"><span class='ocrx_word' id='word_1_270' title='bbox 51 3617 88 3677; x_wconf 79' lang='lat' dir='ltr'><strong>da</strong></span> <span class='ocrx_word' id='word_1_271' title='bbox 102 3640 285 3698; x_wconf 84' lang='lat' dir='ltr'><strong>rergossenen</strong></span> <span class='ocrx_word' id='word_1_272' title='bbox 301 3628 407 3693; x_wconf 79' lang='lat' dir='ltr'><strong>Blutas)</strong></span> <span class='ocrx_word' id='word_1_273' title='bbox 427 3633 513 3696; x_wconf 79' lang='lat' dir='ltr'><strong>atque</strong></span> <span class='ocrx_word' id='word_1_274' title='bbox 530 3627 643 3684; x_wconf 84' lang='lat' dir='ltr'><strong>laboris.</strong></span> 
     </span>
    </p>

    <p class='ocr_par' dir='ltr' id='par_1_15' title="bbox 46 3709 1147 3940">
     <span class='ocr_line' id='line_1_36' title="bbox 95 3709 1147 3783; baseline -0.006 -11"><span class='ocrx_word' id='word_1_275' title='bbox 95 3711 130 3762; x_wconf 71' lang='lat'><strong>4³·</strong></span> <span class='ocrx_word' id='word_1_276' title='bbox 159 3717 272 3783; x_wconf 56' lang='lat' dir='ltr'><strong>pallad</strong></span> <span class='ocrx_word' id='word_1_277' title='bbox 308 3713 415 3771; x_wconf 85' lang='lat' dir='ltr'><strong>Seneca</strong></span> <span class='ocrx_word' id='word_1_278' title='bbox 427 3713 571 3768; x_wconf 75' lang='lat' dir='ltr'><strong>Breuvit.</strong></span> <span class='ocrx_word' id='word_1_279' title='bbox 585 3714 639 3780; x_wconf 78' lang='lat'><strong>2,4</strong></span> <span class='ocrx_word' id='word_1_280' title='bbox 656 3728 739 3782; x_wconf 85' lang='lat' dir='ltr'><strong>quam</strong></span> <span class='ocrx_word' id='word_1_281' title='bbox 756 3711 839 3767; x_wconf 86' lang='lat' dir='ltr'><strong>multi</strong></span> <span class='ocrx_word' id='word_1_282' title='bbox 857 3711 1000 3767; x_wconf 89' lang='lat' dir='ltr'><strong>continuis</strong></span> <span class='ocrx_word' id='word_1_283' title='bbox 1018 3709 1147 3780; x_wconf 79' lang='lat' dir='ltr'><strong>volupta-</strong></span> 
     </span>
     <span class='ocr_line' id='line_1_37' title="bbox 46 3790 1147 3866; baseline -0.005 -12"><span class='ocrx_word' id='word_1_284' title='bbox 46 3790 104 3850; x_wconf 78' lang='lat' dir='ltr'><strong>titus</strong></span> <span class='ocrx_word' id='word_1_285' title='bbox 122 3799 232 3864; x_wconf 78' lang='lat' dir='ltr'><strong>pudent</strong></span> <span class='ocrx_word' id='word_1_286' title='bbox 268 3800 328 3856; x_wconf 81' lang='lat' dir='ltr'><strong>Das</strong></span> <span class='ocrx_word' id='word_1_287' title='bbox 345 3799 505 3856; x_wconf 84' lang='lat' dir='ltr'><strong>Gleichniss</strong></span> <span class='ocrx_word' id='word_1_288' title='bbox 522 3799 594 3854; x_wconf 87' lang='lat' dir='ltr'><strong>nach</strong></span> <span class='ocrx_word' id='word_1_289' title='bbox 616 3797 648 3853; x_wconf 93' lang='lat' dir='ltr'><strong>Il.</strong></span> <span class='ocrx_word' id='word_1_290' title='bbox 669 3795 688 3852; x_wconf 90' lang='grc' dir='ltr'>Γ</span> <span class='ocrx_word' id='word_1_291' title='bbox 706 3799 807 3850; x_wconf 82' lang='grc'>33-35</span> <span class='ocrx_word' id='word_1_292' title='bbox 830 3798 888 3852; x_wconf 91' lang='lat' dir='ltr'><strong>und</strong></span> <span class='ocrx_word' id='word_1_293' title='bbox 910 3795 1084 3866; x_wconf 63' lang='lat' dir='ltr'><strong>tragon</strong></span> <span class='ocrx_word' id='word_1_294' title='bbox 1098 3797 1147 3848; x_wconf 83' lang='grc'><strong>319</strong></span> 
     </span>
     <span class='ocr_line' id='line_1_38' title="bbox 46 3881 185 3940; baseline 0.007 -3"><span class='ocrx_word' id='word_1_295' title='bbox 46 3881 96 3930; x_wconf 67' lang='grc'><strong>-50</strong></span> <span class='ocrx_word' id='word_1_296' title='bbox 111 3884 185 3940; x_wconf 86' lang='lat' dir='ltr'><strong>oben.</strong></span> 
     </span>
    </p>

    <p class='ocr_par' dir='ltr' id='par_1_16' title="bbox 47 3969 1148 4216">
     <span class='ocr_line' id='line_1_39' title="bbox 98 3969 1148 4044; baseline -0.002 -18"><span class='ocrx_word' id='word_1_297' title='bbox 98 3969 134 4020; x_wconf 75' lang='grc'><strong>44.</strong></span> <span class='ocrx_word' id='word_1_298' title='bbox 167 3973 388 4044; x_wconf 66' lang='lat' dir='ltr'><strong>Lugudunenses</strong></span> <span class='ocrx_word' id='word_1_299' title='bbox 399 4003 434 4012; x_wconf 91' lang='lat'>-</span> <span class='ocrx_word' id='word_1_300' title='bbox 445 3973 483 4026; x_wconf 83' lang='lat' dir='ltr'><strong>ad</strong></span> <span class='ocrx_word' id='word_1_301' title='bbox 493 3989 575 4026; x_wconf 84' lang='lat' dir='ltr'><strong>arum.</strong></span> <span class='ocrx_word' id='word_1_302' title='bbox 605 3971 697 4028; x_wconf 90' lang='lat' dir='ltr'><strong>Uebor</strong></span> <span class='ocrx_word' id='word_1_303' title='bbox 709 3971 756 4026; x_wconf 91' lang='lat' dir='ltr'><strong>die</strong></span> <span class='ocrx_word' id='word_1_304' title='bbox 769 3969 973 4038; x_wconf 81' lang='lat' dir='ltr'><strong>orthographie</strong></span> <span class='ocrx_word' id='word_1_305' title='bbox 985 3984 1042 4022; x_wconf 89' lang='lat' dir='ltr'><strong>von</strong></span> <span class='ocrx_word' id='word_1_306' title='bbox 1053 3970 1148 4037; x_wconf 83' lang='lat' dir='ltr'><strong>Lugu-</strong></span> 
     </span>
     <span class='ocr_line' id='line_1_40' title="bbox 47 4045 1148 4129; baseline -0.01 -10"><span class='ocrx_word' id='word_1_307' title='bbox 47 4045 130 4108; x_wconf 78' lang='lat' dir='ltr'><strong>dmum</strong></span> <span class='ocrx_word' id='word_1_308' title='bbox 155 4065 271 4118; x_wconf 70' lang='lat' dir='ltr'><strong>{uorsus</strong></span> <span class='ocrx_word' id='word_1_309' title='bbox 296 4059 496 4129; x_wconf 81' lang='lat' dir='ltr'><strong>Lugudunum,</strong></span> <span class='ocrx_word' id='word_1_310' title='bbox 524 4059 599 4114; x_wconf 83' lang='lat' dir='ltr'><strong>donn</strong></span> <span class='ocrx_word' id='word_1_311' title='bbox 625 4058 802 4127; x_wconf 83' lang='lat' dir='ltr'><strong>Lugdunum)</strong></span> <span class='ocrx_word' id='word_1_312' title='bbox 831 4053 948 4110; x_wconf 85' lang='lat' dir='ltr'><strong>handelt</strong></span> <span class='ocrx_word' id='word_1_313' title='bbox 975 4052 1148 4109; x_wconf 84' lang='lat' dir='ltr'><strong>ausfflhrlicir</strong></span> 
     </span>
     <span class='ocr_line' id='line_1_41' title="bbox 48 4129 1147 4216; baseline 0.008 -30"><span class='ocrx_word' id='word_1_314' title='bbox 48 4129 156 4197; x_wconf 75' lang='lat' dir='ltr'><strong>idoldsr</strong></span> <span class='ocrx_word' id='word_1_315' title='bbox 172 4144 217 4202; x_wconf 88' lang='lat' dir='ltr'><strong>bei</strong></span> <span class='ocrx_word' id='word_1_316' title='bbox 234 4146 306 4203; x_wconf 87' lang='lat' dir='ltr'><strong>Beer</strong></span> <span class='ocrx_word' id='word_1_317' title='bbox 324 4144 421 4216; x_wconf 82' lang='lat' dir='ltr'><strong>Spicil.</strong></span> <span class='ocrx_word' id='word_1_318' title='bbox 439 4162 466 4216; x_wconf 85' lang='lat' dir='ltr'><strong>p.</strong></span> <span class='ocrx_word' id='word_1_319' title='bbox 481 4147 597 4210; x_wconf 74' lang='lat'>55-583</span> <span class='ocrx_word' id='word_1_320' title='bbox 622 4144 670 4200; x_wconf 92' lang='lat' dir='ltr'><strong>der</strong></span> <span class='ocrx_word' id='word_1_321' title='bbox 693 4144 781 4201; x_wconf 82' lang='lat' dir='ltr'><strong>Nsme</strong></span> <span class='ocrx_word' id='word_1_322' title='bbox 804 4141 947 4198; x_wconf 83' lang='lat' dir='ltr'><strong>entweder</strong></span> <span class='ocrx_word' id='word_1_323' title='bbox 969 4156 1027 4196; x_wconf 87' lang='lat' dir='ltr'><strong>von</strong></span> <span class='ocrx_word' id='word_1_324' title='bbox 1050 4140 1147 4209; x_wconf 90' lang='lat' dir='ltr'><strong>Lugus</strong></span> 
     </span>
    </p>
   </div>
   <div class='ocr_carea' id='block_1_8' title="bbox 0 0 1534 4934">
    <p class='ocr_par' dir='ltr' id='par_1_17' title="bbox 0 0 1534 4934">
     <span class='ocr_line' id='line_1_42' title="bbox 0 0 1534 4934; baseline 0 0"><span class='ocrx_word' id='word_1_325' title='bbox 0 0 1534 4934; x_wconf 95' lang='lat' dir='ltr'><strong> </strong></span> 
     </span>
    </p>
   </div>
  </div>
 </body>
</html>
