3059 4934
316 289 378 353 582
723 282 869 339 Iuvenalis
886 291 1046 340 saturatum

399 457 476 521 hino
497 457 642 521 ieiunum
664 454 783 521 odium.
829 454 888 521 sed
909 456 1019 539 iurgia
1040 457 1145 540 prima
1166 474 1281 521 sonare

398 569 559 651 ineipiunt
580 568 698 633 animis
720 567 918 647 ardentibus,
942 568 1024 633 haee
1045 568 1125 633 tuba
1146 570 1247 634 rixae.

400 680 475 747 dein
498 682 638 745 elamore
659 680 731 763 pari
755 680 963 761 concurritur,
989 686 1022 746 et
1043 681 1115 745 vioe
1136 679 1193 745 teli

399 794 505 859 saevit
525 792 614 857 nuda
636 809 760 857 manus.
806 810 932 875 paneae
955 791 1026 857 siue
1048 792 1184 859 vulnere
1206 793 1321 873 mulae,

336 912 374 969 55
398 906 455 970 vix
476 905 625 988 ouiquam
648 911 705 969 aut
725 902 809 968 nulli
830 908 897 969 toto
920 905 1096 969 oertamiue
1117 922 1218 969 nasus

398 1017 534 1099 integer.
578 1016 743 1098 aspioeres
764 1015 830 1079 iam
854 1021 970 1081 ennete
991 1034 1050 1099 per
1072 1018 1204 1099 agmina
1226 1015 1335 1082 vultus

398 1128 558 1209 dimidios,
582 1127 665 1192 alias
687 1126 791 1192 facies
814 1134 846 1192 et
867 1126 993 1192 hiantia
1015 1128 1118 1210 ruptis

398 1260 473 1306 ossa
494 1239 596 1324 genis,
621 1241 734 1322 plenos
757 1240 921 1304 oculorum
944 1240 1104 1323 sanguiue
1125 1257 1264 1323 pugnos.

397 1351 511 1417 ludere
535 1370 571 1416 se
593 1350 731 1415 eredunt
751 1350 816 1433 ipsi
838 1357 949 1416 tamen
971 1357 1003 1415 et
1025 1350 1160 1433 puerilis

335 1471 373 1529 66
399 1482 553 1529 exeroere
575 1463 672 1544 aoies,
695 1462 783 1545 quod
805 1462 896 1528 nulla
917 1462 1079 1528 cadavera
1101 1461 1237 1528 oaloent.

398 1583 431 1642 et
453 1593 532 1641 sane
554 1594 617 1657 quo
639 1580 686 1640 tot
708 1575 846 1639 rimantis
868 1574 959 1639 milia
980 1574 1103 1655 turbae,

398 1688 426 1752 si
448 1688 562 1752 uiuunt
583 1684 719 1751 omnes?
745 1706 823 1769 ergo
845 1686 950 1750 aerior
972 1686 1121 1769 impetus,
1146 1692 1178 1751 et
1200 1686 1265 1751 iam

397 1818 479 1865 saxa
500 1797 666 1863 inoliuatIs
687 1816 747 1881 per
769 1796 900 1862 humum
924 1798 1073 1879 quaesita
1095 1798 1227 1863 laoertis

305 1930 310 1939 ·
396 1910 556 1993 Ineipiunt
576 1917 737 1991 torquere,
762 1908 941 1975 domestioa
963 1910 1116 1975 seditioni

334 2031 372 2088 65
395 2022 471 2103 tela,
496 2040 557 2085 neo
578 2020 666 2085 huno
687 2020 840 2104 lapidem,
866 2022 971 2103 qualis
995 2028 1028 2087 et
1049 2021 1176 2086 Turnus
1200 2028 1232 2087 et
1255 2021 1351 2103 Aiax,

396 2136 450 2199 vel
471 2154 534 2217 quo
556 2131 702 2216 TydIdes
723 2134 884 2217 percussit
905 2133 1048 2218 pondere
1071 2152 1185 2198 ooxsm

396 2245 538 2326 Aeneae,
562 2242 622 2310 sed
644 2264 740 2326 quem
763 2246 896 2309 valeant
919 2246 1067 2310 emittere
1089 2245 1224 2311 dextrae

396 2358 464 2422 illis
486 2356 661 2422 dissimiles
684 2363 717 2421 et
738 2363 848 2422 nostro
872 2364 1015 2441 tempore
1038 2364 1143 2423 natae.

395 2489 471 2533 mam
493 2486 597 2551 genus
619 2467 683 2532 hoo
704 2469 780 2533 vivo
802 2471 868 2533 iam
891 2468 1102 2535 deoresoebat
1123 2469 1275 2549 Homero,

414 2625 524 2677 63-68.
560 2623 645 2692 Verg.
662 2622 697 2678 A.
714 2623 774 2678 XII
792 2626 842 2676 896
865 2639 965 2678 saxum
991 2624 1186 2693 oireumspioit
1212 2624 1317 2693 iugens
1338 2650 1371 2661 —
1392 2621 1430 2673 til

311 2726 410 2780 eampo
429 2709 507 2779 quod
524 2708 595 2763 forte
614 2709 727 2764 iacebat
744 2739 778 2747 —
796 2710 847 2762 900
865 2709 962 2777 qualia
979 2725 1054 2763 nune
1072 2709 1215 2764 homiuum
1233 2708 1368 2778 producit
1382 2721 1432 2759 eot-

310 2812 381 2865 pora
407 2795 492 2850 tellus
519 2794 571 2848 Ille
597 2811 682 2849 manu
708 2800 821 2863 raptum
847 2795 960 2863 trepido
985 2794 1136 2864 torquebat
1158 2794 1189 2850 iu
1211 2795 1324 2851 hostem
1340 2822 1373 2833 -
1389 2792 1430 2844 964

310 2896 445 2937 saxumve
463 2882 583 2935 immane
600 2886 768 2936 moventem.

380 3019 419 3069 66.
457 3014 534 3071 Serv.
546 3015 631 3085 Vorg.
645 3014 679 3070 A.
694 3016 707 3071 I
721 3018 753 3068 96
773 3016 816 3072 IV
828 3018 877 3070 los
897 3018 951 3086 (vel
967 3047 1003 3057 —
1020 3017 1152 3081 Aeneae).
1256 3044 1259 3051 ¹

378 3155 418 3204 52.
456 3154 520 3206 rasa
536 3153 619 3207 roae.
657 3155 811 3222 Zu1,1eo.

379 3240 411 3290 63
422 3254 442 3293 a.
479 3237 560 3294 Ouid.
573 3240 608 3295 ld.
620 3240 679 3295 XII
691 3243 739 3292 361
759 3241 895 3310 saevique
913 3242 1005 3296 vioom
1022 3242 1199 3309 praestantia
1215 3239 1267 3297 teli
1288 3240 1402 3297 cornua

378 3327 419 3376 55.
455 3330 503 3378 aot
521 3348 553 3371 =
572 3326 641 3381 oder
658 3325 801 3382 vielmehu.
838 3326 921 3381 Hand
939 3326 1056 3382 Turseli.
1071 3327 1155 3381 1639,

378 3412 411 3462 56
421 3426 443 3465 s.
479 3412 568 3465 vultus
585 3411 730 3465 Dimidios.
768 3414 809 3467 Zu
827 3414 850 3479 8,
863 3416 888 3464 4,

377 3499 440 3551 dds.
476 3497 618 3551 domestica
640 3497 768 3551 seditioni
793 3498 863 3551 Tela.
906 3499 940 3553 H.
958 3497 993 3553 A.
1013 3498 1096 3553 XXX
1114 3498 1323 3567 tyrzuni22,1
1348 3493 1430 3551 multi-

309 3583 379 3637 tudo
398 3580 604 3647 (Aemilianum)
624 3584 700 3638 omui
718 3584 892 3640 seditionum
910 3586 1097 3640 iustrumenta>
1121 3589 1151 3638 et
1173 3581 1268 3639 furore
1292 3586 1428 3653 personum

308 3673 365 3724 est:
385 3669 459 3723 ictus
476 3676 520 3723 est
536 3667 690 3736 lapidibus,
708 3670 817 3737 petitus
835 3674 879 3725 est
896 3668 978 3736 ferro,
1000 3686 1054 3725 use
1072 3668 1164 3725 defuit
1181 3670 1269 3725 ullum
1291 3666 1429 3725 seditionis

307 3755 402 3809 telum.

377 3842 418 3892 66.
438 3841 478 3892 66.
514 3840 569 3895 Die
594 3839 698 3897 Grdsae
720 3842 770 3896 der
794 3858 850 3897 von
875 3842 930 3897 deu
948 3842 1060 3899 Heroon
1084 3841 1321 3912 gesohleudorten
1343 3838 1426 3895 Same
1481 3862 1482 3907 1

309 3925 352 3980 als
363 3925 474 3981 BeweIs
492 3926 571 3981 siuer
588 3943 645 3982 von
664 3928 719 3982 den
737 3932 852 3996 spttteru
864 3927 1075 3984 (denotationem
1092 3928 1165 3983 auoh
1181 3928 1262 3983 nieht
1280 3920 1427 3982 mmhorrd

308 4011 467 4066 erreiehten
490 4011 586 4067 Kraft:
611 4013 691 4068 Hom.
709 4013 742 4067 ll.
759 4014 786 4069 Η
804 4016 854 4066 268
870 4030 891 4070 s.
918 4013 1018 4078 (Aiax).
1055 4014 1139 4083 Verg.
1158 4012 1193 4070 A.
1213 4013 1271 4068 XII
1290 4009 1423 4066 896-161
1481 4016 1482 4071 3

309 4096 447 4161 (Turnus).
467 4098 546 4153 Hom.
560 4098 593 4153 11.
606 4100 629 4153 E
642 4102 778 4152 302-305
798 4100 975 4164 (Diomedes).
1481 4074 1482 4105 ¹

377 4184 486 4243 ⁶94¹·
522 4183 702 4253 Anspielung
725 4186 778 4241 auf
791 4187 842 4242 des
861 4186 911 4239 οἶοι
932 4186 973 4250 (οἳ)
992 4191 1034 4238 νῦν
1054 4185 1139 4258 βροτοί
1157 4186 1205 4239 εἰσι
1223 4186 1270 4241 bei
1289 4180 1426 4241 Honorio

308 4266 364 4321 den
381 4266 568 4336 nngefllhrten
586 4269 693 4326 Stelleu
711 4272 770 4326 und
789 4271 924 4326 1111272
944 4272 1002 4327 und
1020 4271 1047 4325 II
1059 4272 1117 4323 tls.
