3059 4934
417 181 501 237 Liber
518 183 631 251 primus.
668 182 770 238 Satura
788 181 821 236 V.
1123 183 1185 246 277

135 369 213 434 spes
238 351 324 418 bene
348 354 486 420 uenandi
509 373 567 418 vus
590 355 718 438 decipit.
763 349 852 420 ‘eece
874 353 965 420 dabit
985 354 1051 418 iam

135 483 302 530 semesum
324 466 466 549 leporem
489 474 587 548 atque
610 467 736 548 aliquid
757 466 799 532 de
822 467 970 532 clunibus
993 469 1073 549 apri,

135 575 178 641 sd
201 595 268 641 nos
290 579 356 642 iam
377 579 489 644 veniet
509 579 613 644 minor
636 572 758 645 altilis.³
801 578 878 645 inde
900 585 1014 661 parato

133 689 325 774 intactoque
349 709 459 756 omnes
482 696 515 756 et
537 691 646 757 stricto
669 710 753 775 pane
775 691 901 758 tacetis.

67 807 113 862 110
135 800 190 866 ilie
215 803 307 885 sapit
329 803 385 886 qui
406 809 439 869 te
463 803 510 868 sie
532 803 642 868 utitur.
687 804 796 868 omnia
818 803 903 868 ferre

133 912 161 976 si
185 921 293 998 potes,
319 921 352 980 et
374 913 485 980 debes.
531 914 726 998 pulsandum
748 917 870 982 vertice
892 934 965 981 raso

134 1025 314 1107 praebebis
337 1025 531 1109 quandoque
555 1034 654 1110 eaput
674 1045 736 1093 nee
759 1025 843 1092 dura
863 1027 993 1093 timebis

133 1135 240 1222 flagra
265 1138 345 1220 pati,
369 1138 420 1204 his
444 1137 550 1222 epulis
573 1146 607 1205 ei
628 1138 687 1205 tali
710 1138 829 1223 dignus
851 1141 964 1205 amieo.

151 1294 209 1345 169.
250 1293 354 1349 iaeeiis
373 1294 400 1346 P
409 1296 532 1364 sortasse
549 1299 619 1348 rocio
635 1294 721 1355 (Beer
734 1311 765 1364 p.
778 1297 823 1356 67)
842 1294 889 1349 vel
908 1295 1011 1350 tacetis
1028 1312 1126 1364 mareu

66 1381 258 1392 ν.-

120 1431 173 1481 168.
195 1432 256 1482 169,
294 1431 330 1485 Iu
348 1429 397 1487 der
408 1429 576 1500 srwartung
594 1433 643 1488 des
656 1434 775 1488 Bratens
788 1432 884 1487 balten
896 1433 938 1487 sie
951 1433 1002 1488 das
1014 1431 1185 1487 uuberiibrte

65 1513 118 1568 Brut
137 1514 244 1584 bausit,
269 1517 325 1573 wie
349 1517 399 1572 der
418 1516 518 1573 Soldat
535 1518 585 1573 das
604 1532 747 1587 gezegeue
765 1517 892 1574 Schwert
908 1535 970 1572 zum
987 1516 1097 1586 Kampf.
1134 1516 1183 1571 Ov.

65 1599 173 1668 Λιιῐθ,
187 1607 220 1656 14
240 1619 302 1659 non
320 1603 407 1657 timeo
426 1604 540 1658 strictas
558 1605 588 1658 in
606 1620 668 1660 mea
686 1603 745 1658 fata
762 1619 868 1659 manus.

120 1691 172 1740 iii.
188 1691 247 1742 172.
269 1689 435 1760 pulsandum
446 1689 542 1744 vertice
554 1708 615 1743 raso
625 1689 768 1744 Praebebis
779 1689 934 1760 quandoque
945 1695 1033 1760 eaput,
1052 1689 1184 1755 Quando·

66 1788 108 1839 que
126 1791 158 1830 su
176 1778 200 1842 2,
213 1779 258 1828 82.
297 1775 396 1830 Gleieh
419 1775 481 1831 dem
504 1777 636 1845 stupidus
658 1775 727 1831 oder
748 1777 903 1846 parasitus,
930 1777 1009 1832 einer
1030 1775 1184 1830 stebendeu

67 1857 132 1914 Belle
155 1861 192 1915 im
215 1863 336 1926 mimus,
360 1861 409 1917 der
432 1863 484 1917 mit
506 1861 573 1916 kabl
595 1863 795 1931 geschorenem
813 1861 894 1932 Kopf
913 1861 1020 1917 auitrat
1040 1861 1098 1915 und
1115 1860 1184 1915 fort·

66 1945 179 2003 sibrand
196 1947 355 2018 gepriigelt
371 1949 474 2003 uurde.
499 1947 563 2017 ng
577 1950 601 2015 8,
616 1951 702 2002 19211.
717 1949 950 2015 stv.111550‚s.
979 1948 1030 2004 SG.
1045 1947 1074 2001 ΙΙ
1087 1949 1146 2013 438,
1159 1949 1181 1998 3.
