3059 4934
360 221 420 282 166
761 217 906 272 luvenalis
923 221 1078 272 saturarum

443 389 564 473 inputo,
588 391 643 472 qui
665 390 755 456 vultu
777 388 921 455 morbum
943 391 1135 473 incessuque
1156 388 1281 456 fatetur.

443 501 555 566 borum
577 503 768 586 simplicitas
791 503 992 585 miserabilis,
1015 503 1067 567 his
1089 502 1177 568 furor
1198 503 1269 585 ipse

442 613 500 680 dat
522 615 664 693 veniam;
688 613 747 680 sed
768 614 905 699 peiores,
930 615 984 697 qui
1007 615 1088 681 talia
1109 613 1217 680 verbis

379 734 418 791 20
442 727 591 793 Herculis
612 726 771 793 invadunt
792 727 887 802 etde
909 728 1026 793 virtute
1047 727 1146 793 locuti

442 841 568 904 clunem
591 839 725 923 agitant.
769 833 841 923 ‘ego
863 846 895 905 te
919 845 1094 922 caventem,
1118 838 1226 920 Sexte,
1249 838 1409 904 verebor?

442 948 571 1016 infamis
594 951 735 1016 Varillus
756 953 804 1018 ait
822 944 898 1034 ‘quo
921 950 1060 1018 deterior
1081 950 1138 1017 te?
1382 952 1385 958 '

441 1062 619 1148 loripedem
641 1069 749 1128 rectus
771 1062 928 1146 derideat,
951 1064 1143 1148 Aethiopem
1165 1063 1267 1128 albus.

444 1176 517 1257 quis
539 1175 650 1241 tulerit
672 1175 835 1241 Gracchos
857 1175 899 1242 de
921 1175 1077 1242 seditione
1098 1174 1294 1258 querentes?

381 1292 420 1349 25
444 1288 516 1370 quis
538 1287 664 1353 caelum
686 1288 782 1353 terris
803 1309 866 1354 non
889 1289 1022 1355 misceat
1044 1294 1078 1354 et
1099 1307 1188 1353 mare
1209 1287 1309 1367 caelo,

427 1480 467 1530 23.
504 1475 624 1533 edun
642 1477 770 1546 poste
790 1477 943 1545 Ιμαντόπους
961 1477 1073 1547 loripes.
1109 1475 1298 1532 Einl.s.1oe.

426 1565 487 1619 25ι.
524 1562 615 1619 Sobel.
628 1562 736 1617 Lucani
755 1563 839 1616 1323.

359 1673 562 1681 *—

427 1723 465 1772 16.
487 1722 524 1771 17.
560 1719 615 1774 Ein
637 1718 745 1774 solcber
769 1717 883 1773 blensclr
907 1718 1048 1774 erscheint
1070 1734 1118 1773 zur
1142 1717 1408 1787 Laeterbaftiglreit‚
1433 1734 1480 1772 aus

358 1807 407 1861 der
425 1820 456 1860 er
473 1804 545 1861 auch
563 1804 630 1859 keln
649 1804 720 1859 Hehl
738 1804 838 1871 macht,
857 1805 912 1860 wie
929 1805 1113 1874 priidestinirt
1131 1805 1188 1859 und
1200 1804 1325 1860 dudurch
1336 1805 1479 1873 gewissor-

358 1906 468 1948 masseu
486 1890 683 1959 entsohuldigt.
720 1890 811 1945 Ueber
828 1889 965 1946 Juvenals
982 1891 1218 1961 Fatumsglauben
1235 1892 1290 1960 vgl.
1309 1890 1384 1945 Einl.
1402 1890 1428 1946 S.
1441 1893 1478 1941 ll.

426 1977 545 2031 morbum
557 1976 661 2032 ebenso
671 1977 724 2031 wie
736 1977 810 2034 νόσος
822 1975 874 2031 oft:
888 1976 1054 2033 krankhafte
1067 1978 1205 2046 Neignng,
1218 1976 1306 2032 Sncbt
1317 1977 1437 2041 (Petron.
1450 1978 1478 2026 lt

361 2067 390 2121 in
413 2080 480 2120 aves
498 2064 645 2119 morbosus
665 2068 709 2117 est
732 2062 762 2116 C.
779 2062 863 2117 Trim
882 2066 949 2132 249),
978 2063 1038 2119 hier
1059 2080 1094 2117 an
1118 2062 1327 2119 unnatllrlicher
1349 2062 1477 2122 Wollnst;

358 2155 391 2202 50
414 2150 511 2206 morbo
534 2148 623 2219 pallet
644 2154 764 2217 utroque
788 2152 812 2216 9,
825 2151 858 2199 43
883 2149 939 2203 iam
961 2164 1015 2204 nec
1037 2148 1134 2204 morbo
1157 2149 1263 2204 donam
1282 2150 1384 2217 parati.
1420 2147 1476 2203 Seu.

358 2238 429 2306 Epp.
443 2239 483 2300 83,
496 2238 529 2287 lo
551 2241 619 2291 tunc
641 2235 801 2303 impudicus
822 2234 948 2289 morbum
967 2238 1108 2306 confltetur
1126 2243 1155 2290 et
1172 2234 1306 2304 publicat
1343 2235 1439 2290 Horat.
1452 2232 1476 2286 C.

358 2324 426 2391 137,
440 2326 455 2373 9
474 2322 665 2379 contaminato
684 2337 746 2376 cum
764 2336 851 2390 grege
868 2321 992 2389 turpium
1009 2321 1106 2376 Morbo
1124 2321 1254 2376 virorum.

426 2411 499 2463 volta
509 2439 543 2448 -
556 2408 705 2476 incessuque
717 2410 835 2477 sotatur.
866 2406 928 2462 Son.
941 2407 1012 2477 Epp.
1026 2410 1066 2472 52,
1082 2410 1112 2459 12
1131 2407 1303 2475 impudicum
1316 2413 1346 2463 et
1358 2407 1479 2461 incessus

358 2496 484 2552 ostendit
507 2502 536 2552 et
557 2510 656 2549 manus
680 2498 756 2548 mota
781 2499 809 2548 et
830 2509 916 2548 unum
941 2492 1079 2548 interdum
1098 2508 1261 2562 responsum
1279 2500 1309 2549 et
1325 2492 1431 2548 relatus
1447 2491 1479 2544 ad

358 2590 444 2652 eaput
462 2581 570 2650 digitus
588 2584 617 2634 et
634 2579 723 2634 flexus
741 2578 893 2634 oculorum.
925 2579 1116 2647 ld.ib.114‚3
1135 2580 1164 2633 in
1184 2580 1247 2647 ipso
1266 2580 1380 2634 incessu
1399 2594 1477 2647 appa·

358 2683 418 2725 rere
437 2667 591 2722 mollitiem.
627 2664 693 2720 Tac.
707 2665 740 2718 H.
754 2666 767 2719 l
781 2667 813 2714 30
833 2664 919 2728 (Otho)
938 2665 1073 2720 habitune
1095 2670 1124 2720 et
1149 2667 1268 2732 incessu,
1292 2682 1328 2721 an
1352 2665 1403 2720 illo
1425 2680 1477 2718 mu·

358 2754 441 2809 liebri
466 2758 567 2808 ornatu
589 2756 740 2807 mereretur
763 2751 930 2819 imperium?
971 2751 1223 2819 Quintilianvb,
1242 2755 1271 2805 14
1298 2751 1418 2808 fractum
1440 2751 1476 2803 in·

360 2856 469 2895 cessum
487 2869 521 2878 -
539 2838 631 2893 mollis
650 2843 679 2892 et
696 2852 794 2906 purum
812 2836 867 2892 viri
885 2837 974 2906 sigua.

431 2928 468 2978 ts.
503 2926 597 2978 boram
614 2922 772 2992 simplicitas
789 2922 963 2977 miserabilis:
988 2924 1046 2978 ihre
1065 2922 1288 2993 Austichtlgkeit
1305 2925 1370 2989 (wie
1392 2928 1411 2990 l,
1427 2926 1474 2981 liti

359 3017 452 3081 erregt
469 3012 515 3066 ein
529 3010 668 3079 *gessisses
685 3009 839 3065 blitleiden.
869 3013 957 3080 soror
974 3009 1103 3066 dasselbe
1122 3011 1175 3065 wie
1194 3010 1293 3066 vorher
1311 3011 1431 3066 morbus.

429 3100 467 3149 rc.
504 3095 589 3149 verbus
609 3095 736 3150 Herculis
760 3096 802 3151 als
825 3096 874 3151 des
896 3095 989 3151 ideals
1014 3096 1063 3151 der
1085 3096 1227 3152 stoischen
1250 3096 1366 3152 Weisen
1390 3095 1477 3160 (Zellcr

359 3184 459 3239 Gescb.
476 3184 502 3237 d.
515 3182 563 3236 Ph.
581 3183 637 3236 111²
655 3185 677 3248 l,
691 3185 748 3245 243)
773 3183 830 3236 und
857 3182 906 3237 des
929 3181 1155 3251 Sabutubeiligeu
1179 3183 1237 3237 und
1261 3181 1413 3239 Vorbildes
1434 3182 1476 3235 der

359 3269 482 3340 Cynilrer
501 3268 551 3333 (11²
570 3270 592 3334 l,
605 3271 654 3320 218
672 3268 744 3322 Einl.
764 3268 791 3324 S.
806 3272 858 3331 llll:
878 3265 937 3322 ‘mit
955 3268 1112 3324 erhabenen
1129 3265 1261 3324 Worten'.

427 3358 467 3407 21.
504 3358 632 3407 cesenatem
649 3353 706 3423 vgl.
725 3356 802 3417 9³4⁰·

427 3444 467 3493 22.
511 3439 628 3494 Varillus
648 3438 801 3508 jedenialls
825 3440 889 3495 cine
911 3439 1060 3504 bekannte,
1084 3441 1229 3497 vielleioht
1250 3441 1302 3497 anf
1316 3442 1413 3499 Grund
1433 3441 1475 3495 der

360 3529 405 3583 lex
423 3526 571 3582 Scantinia
589 3530 631 3588 (zu
649 3542 674 3580 ι.
688 3528 729 3588 43)
748 3526 931 3582 verurtbeilte
949 3528 1061 3581 Person.

430 3616 470 3665 23.
506 3611 658 3680 lorspeden.
692 3611 763 3665 Plio.
781 3613 813 3668 ll.
827 3613 851 3665 h.
871 3613 941 3667 Vre
960 3611 1183 3681 Himantopodes
1204 3613 1347 3684 loripedes
1372 3614 1475 3685 quidam

360 3699 463 3768 quibus
487 3699 626 3768 serpendo
650 3697 760 3767 ingredi
791 3705 891 3754 natura
914 3699 959 3754 sit.
973 3697 1029 3753 VlI
1042 3702 1074 3751 25
1102 3705 1214 3769 gentem
1244 3701 1317 3757 inter
1344 3700 1475 3758 Nomadas

360 3784 496 3840 ludos-
515 3785 649 3853 anguium
667 3784 750 3839 modo
769 3784 930 3853 loripedem.

428 3873 469 3922 25.
505 3874 529 3936 θ,
542 3874 591 3922 283
615 3870 718 3926 clames
742 3871 810 3926 licet
832 3876 861 3927 et
881 3886 955 3926 mare
974 3871 1054 3928 caelo
1072 3871 1242 3929 confundas.
1277 3874 1340 3930 Val.
1354 3875 1394 3931 Fl.
1407 3875 1419 3927 l
1432 3875 1474 3919 333

345 4021 347 4027 Α
361 3957 415 4018 ldie
427 3956 538 4019 Windel
558 3957 637 4012 soliti
655 3957 773 4013 miscere
785 3958 937 4026 polumque
950 3957 1108 4028 Infelixque
1122 3958 1228 4015 fretum.
1249 3961 1331 4030 Verg.
1345 3961 1380 4017 A.
1396 3960 1474 4022 vyso

359 4043 448 4096 maria
465 4044 560 4098 omnia
577 4044 656 4098 caelo
674 4044 795 4100 llisouit.
832 4046 941 4099 Lucret.
956 4046 998 4099 III
1013 4048 1061 4096 342
1084 4047 1146 4100 Non
1165 4047 1188 4100 si
1208 4051 1282 4101 terra
1299 4048 1369 4103 mari
1387 4047 1474 4101 misce-

360 4128 436 4183 bitur
454 4134 483 4184 et
500 4145 575 4184 marc
593 4129 680 4185 caelo.
709 4129 771 4183 Liv.
785 4128 853 4184 lV3
872 4129 947 4195 Quid
964 4115 1076 4186 landem
1096 4140 1139 4188 est
1156 4149 1205 4188 our
1223 4134 1331 4189 caelum
1349 4151 1384 4189 ac
1396 4138 1474 4188 terres

361 4214 503 4269 misceant.
540 4212 607 4270 Otto
625 4215 685 4285 Spr.
704 4216 813 4270 caelum
833 4218 853 4267 1.
