3059 4934
419 1187 621 1273 luvenalis
649 1190 878 1274 saturarum

513 1369 610 1434 Liber
633 1375 778 1451 quartus.

542 1557 686 1624 Satura
707 1557 748 1622 X.

135 1693 197 1748 Der
217 1692 404 1762 Gegenstaud
422 1694 471 1749 der
490 1693 591 1760 Satire,
610 1693 657 1749 (lie
674 1693 812 1748 Thorhelt
828 1694 888 1748 und
899 1693 1148 1750 Vertlerblichkeit
1165 1696 1217 1750 der

70 1777 252 1847 geuthnlich
276 1795 313 1833 an
338 1779 385 1834 die
404 1779 505 1836 Glitter
521 1779 699 1848 gerichteten
717 1778 825 1834 (iubete
843 1779 903 1834 und
919 1777 1071 1847 Wllnsche
1090 1796 1148 1834 vvar
1166 1782 1215 1835 ein

72 1864 98 1916 in
124 1865 174 1919 der
201 1863 580 1933 popularplrilosophisclrsn
606 1865 665 1919 und
691 1864 887 1920 rhetorischon
908 1864 1065 1920 Litteratur
1088 1866 1216 1921 offenbar

72 1948 126 2003 viel
148 1949 352 2015 behandelter3
376 1965 409 2004 so
434 1949 465 2003 in
489 1950 552 2006 dem
576 1949 887 2019 pseudoplatonlschen
910 1949 1031 2004 cweiten
1048 1949 1216 2008 Alcibiades

73 2034 126 2088 und
148 2035 180 2089 iu
204 2035 258 2092 der
276 2035 396 2090 nveiten
414 2033 507 2090 Satire
525 2035 576 2091 des
593 2036 716 2091 Persius.
752 2035 835 2089 Dooh
853 2035 930 2104 ueigt
947 2036 1008 2090 sich
1025 2036 1072 2092 bei
1090 2035 1216 2093 Juvenal

74 2121 133 2174 eine
157 2119 236 2188 Spur
261 2121 384 2176 director
406 2121 574 2190 Beuutuung
598 2119 698 2176 beider
719 2119 827 2176 saucia
851 2121 973 2189 nirgsnd
996 2124 1039 2185 (uu
1057 2121 1091 2176 V.
1105 2125 1130 2186 3)
1156 2123 1216 2177 und

75 2205 141 2258 such
160 2221 220 2260 von
234 2205 292 2260 deu
304 2206 481 2261 uahheichen
494 2205 609 2272 Stellen,
629 2206 660 2260 iu
672 2205 765 2260 denen
777 2204 887 2262 Seneca
899 2207 962 2262 dies
972 2205 1079 2261 Thema
1090 2208 1215 2274 berilhrt,

75 2289 119 2344 hat
135 2290 264 2347 Juvenal
288 2291 453 2346 schwerlich
475 2291 540 2346 ciue
558 2306 610 2346 ror
627 2290 732 2360 Augen
750 2291 876 2346 oderim
894 2290 1084 2348 Gediichtniss
1101 2293 1215 2362 gehabt

75 2373 170 2445 Truuq.
190 2393 237 2432 an.
253 2378 306 2443 2,3
325 2377 463 2446 quicquid
484 2376 592 2446 optavi,
612 2376 791 2430 inimicorum
803 2378 1028 2432 exsecrationem
1039 2381 1118 2446 puto.
1142 2379 1215 2448 Epp.

78 2461 113 2524 ii,
127 2463 157 2513 12
175 2478 237 2517 uon
256 2462 299 2517 sic
311 2462 453 2530 quomodo
467 2463 525 2526 (dii)
538 2463 602 2518 istis
614 2463 735 2531 propitii
748 2468 821 2528 sunt
840 2462 944 2530 qulbus
954 2462 1032 2519 bono
1044 2479 1079 2516 ac
1089 2462 1215 2531 benigno

78 2545 150 2601 voltu
168 2547 249 2602 mala
266 2547 418 2617 magnifica
435 2547 603 2612 tribuerunt,
623 2547 660 2601 ad
677 2546 731 2601 hoc
744 2561 832 2600 uuum
844 2547 973 2602 excusati
985 2546 1061 2615 quod
1073 2549 1130 2602 ista
1142 2563 1216 2617 quse

79 2639 163 2699 urunt,
182 2649 260 2703 qnae
279 2634 451 2698 excruciant,
471 2633 638 2702 optantibus
657 2632 724 2686 data
742 2637 815 2687 sunt.
851 2633 921 2698 31‚2
940 2633 1055 2687 surdum
1073 2639 1103 2688 te
1121 2649 1216 2688 aman-

80 2717 189 2774 tissimis
207 2720 270 2775 tuis
287 2725 412 2788 praesta:
432 2718 508 2774 bono
528 2719 622 2772 animo
640 2717 715 2771 mala
732 2721 891 2786 precantur.
910 2719 983 2773 etsi
1001 2733 1063 2773 esse
1080 2719 1125 2772 vis
1137 2716 1215 2784 felix,

81 2800 142 2858 deus
159 2820 209 2859 ora
227 2803 338 2873 nequid
355 2802 410 2859 tibi
428 2817 464 2860 ex
476 2803 605 2872 hisquae
619 2806 761 2871 optantur,
781 2803 902 2859 eveniat
932 2804 974 2869 32,
987 2807 1015 2868 4;
1028 2804 1096 2870 eut
1118 2802 1217 2859 etiam·

81 2902 147 2942 nunc
171 2895 257 2960 optas
282 2889 359 2958 quod
381 2889 436 2944 tibi
455 2888 568 2958 optavit
584 2888 682 2943 nutrix
699 2893 750 2942 tua
769 2893 820 2943 aut
835 2887 1022 2958 paedagogus
1040 2893 1091 2943 aut
1107 2888 1215 2944 mater?

81 2974 197 3030 noudum
223 2973 370 3042 intellegis
395 2979 531 3043 quantum
554 2973 621 3028 mali
641 2974 823 3043 optaverint?
859 2991 877 3028 o
896 2989 980 3042 quam
998 2974 1116 3028 inimica
1132 2973 1217 3029 nobis

83 3066 142 3113 sunt
157 3067 228 3114 vota
247 3059 421 3116 nostrorum!
449 3075 483 3115 eo
503 3059 617 3128 quidem
636 3059 798 3114 inimiciora
815 3075 873 3128 quo
891 3073 1002 3114 cessere
1019 3057 1141 3115 felicius.
1160 3059 1218 3114 iam

83 3157 132 3196 uon
155 3144 281 3201 admiror
303 3145 328 3200 si
353 3145 449 3200 omnia
472 3160 525 3201 nos
547 3145 678 3214 aprima
700 3144 827 3212 pueritia
850 3143 925 3199 mula
945 3150 1114 3212 sequnntur:
1143 3145 1218 3199 iuter

84 3231 288 3286 exsecrationes
311 3235 459 3300 parentum
484 3231 633 3286 crevimus.
670 3233 711 3296 95,
725 3233 757 3281 50
781 3229 840 3295 (dii)
859 3229 1014 3298 aliquando
1032 3230 1130 3297 specie
1148 3230 1216 3286 boni

86 3314 206 3378 puniunt

145 3399 284 3470 Dagegeu
301 3401 352 3456 hat
367 3400 492 3456 Juvenal
509 3399 657 3456 vielloicht
673 3399 768 3455 Voler.
786 3399 859 3455 linx.
872 3398 958 3454 vna
976 3399 1040 3453 Ext
1055 3402 1067 3450 1
1087 3398 1216 3454 benutzt:

86 3479 206 3542 Socrates
224 3513 260 3526 -
277 3485 319 3540 nil
337 3485 412 3542 ultra
429 3487 584 3555 pewndum
602 3502 620 3540 a
637 3485 682 3541 dis
701 3484 907 3541 immortalibus
924 3484 1116 3540 arbitrabatur
1134 3499 1219 3553 quam

86 3571 114 3620 ut
127 3568 200 3626 bona
217 3570 385 3638 tribuerent„
406 3572 474 3640 quia
492 3571 514 3626 ii
533 3571 644 3628 demum
663 3570 770 3626 sonent
787 3570 859 3638 quid
877 3569 1032 3638 unicuique
1050 3573 1127 3625 esset
1138 3569 1218 3634 utile,

86 3665 131 3706 uos
155 3662 250 3713 autem
276 3656 442 3726 plerumque
470 3655 500 3711 itl
527 3657 604 3712 votis
630 3660 839 3724 expeteremus,
867 3654 945 3724 quod
969 3671 1028 3709 nou
1052 3655 1219 3724 impetrasse

86 3737 176 3796 melius
193 3741 276 3797 foret.
296 3772 329 3781 -
342 3771 374 3781 -
394 3742 494 3798 desine
513 3742 602 3811 igitur
620 3740 791 3807 (mortalium
807 3743 895 3806 meus)
914 3740 1002 3797 stulta
1014 3738 1118 3795 futuris
1130 3738 1218 3793 malo-

88 3834 139 3876 run
161 3833 275 3882 tuorum
300 3827 395 3882 causis
420 3857 454 3868 -
479 3827 561 3896 quasi
580 3825 753 3882 felicissimis
776 3825 862 3881 rebus
886 3825 996 3880 inhiare
1021 3830 1051 3880 et
1074 3831 1104 3880 te
1126 3829 1219 3880 totum

89 3907 243 3968 caelestium
266 3913 384 3968 arbitrio
403 3913 548 3983 permitte,
573 3913 642 3981 quia
660 3912 710 3980 qui
728 3911 853 3966 tribuere
871 3911 948 3967 bona
966 3926 1002 3966 ex
1019 3908 1098 3965 facili
1117 3912 1218 3977 solent,

91 3993 163 4050 etism
180 3999 287 4070 eligere
306 3999 453 4069 aptissime
472 4003 593 4067 possunt
611 3999 723 4063 (ostes)
741 3995 799 4065 vgl.
818 4012 853 4051 uu
871 3995 905 4050 V.
918 3998 933 4046 3
947 4012 974 4050 u.
988 3999 1011 4047 l.

147 4081 199 4138 Die
215 4100 276 4139 von
291 4083 415 4140 Juvenal
434 4084 476 4140 als
487 4083 631 4153 Beispiole
649 4081 811 4152 gewihlton
821 4082 964 4136 Personeu
981 4080 1120 4149 gohtrtsn
1138 4082 1220 4146 (etva

92 4163 134 4218 mit
149 4165 309 4226 Ausnahmo
327 4170 378 4226 des
396 4168 493 4235 Silius)
518 4185 554 4225 uu
578 4170 633 4224 den
650 4169 681 4222 in
700 4167 935 4223 Declamationeu
953 4166 1014 4221 und
1030 4165 1220 4222 morolischeu

92 4243 307 4326 Abhaudlungon
330 4255 413 4325 jeder
436 4253 492 4310 Art
518 4270 562 4308 am
585 4253 744 4323 hiufigsten
768 4250 961 4321 angetiihrteu.
1004 4250 1043 4308 So
1066 4259 1155 4308 neunt
1177 4252 1220 4308 als
