3059 4934
405 324 490 380 Liber
508 325 632 392 quintus.
668 322 772 379 Seturs
789 323 870 378 XIII.
1142 327 1203 388 527

153 519 275 584 magno
297 497 438 581 quidem,
464 497 566 562 saeris
588 515 672 578 quae
694 494 753 560 dot
773 502 950 580 praesepta
971 495 1103 576 libellis,

88 620 129 676 20
153 612 273 677 victrix
296 610 446 676 fortunae
469 607 641 692 sapientia,
666 607 812 673 donimus
835 615 941 672 sutem

153 724 214 789 hos
238 735 368 806 quoque
390 721 513 802 felioes,
539 721 594 802 qui
617 719 703 786 ferre
725 719 930 785 inoommods
950 721 1040 786 vitoe

153 856 217 902 nee
238 839 363 901 laetere
384 834 498 917 iugum
519 833 589 900 vito
610 830 755 897 didioere
777 833 943 915 magistro

153 967 241 1032 quse
263 953 330 1012 tam
354 946 440 1012 fests
463 944 542 1026 dies,
567 950 604 1008 ut
625 951 733 1010 oesset
753 943 893 1027 prodere
915 944 1019 1009 furem

153 1058 328 1144 perfidiam
350 1055 484 1123 fraudes
507 1063 604 1140 atque
627 1057 714 1121 omni
737 1076 780 1120 ex
802 1057 938 1121 erimine
958 1057 1082 1120 luorum

87 1180 129 1235 25
153 1173 342 1255 quaesitum
365 1175 398 1235 et
418 1176 531 1253 portos
553 1167 664 1252 gladio
686 1168 741 1233 vel
763 1167 884 1251 pyxide
906 1166 1079 1233 nummos?

154 1284 223 1348 rsri
247 1283 368 1365 quippe
391 1281 477 1363 boni,
501 1301 643 1361 numero,
667 1281 724 1344 uix
747 1286 823 1345 sunt
843 1279 979 1345 totidem
1001 1286 1078 1362 quot

155 1395 346 1460 Thebarum
368 1401 483 1478 portae
505 1393 558 1458 vel
582 1391 692 1458 divitis
716 1392 801 1456 ostio
822 1391 900 1456 Nili.

154 1526 244 1572 nuno
266 1513 358 1571 33333
381 1506 489 1589 agitur
510 1505 688 1588 peioraque
710 1504 844 1569 saeculo
865 1503 945 1568 ferri

155 1617 368 1702 temporibus,
392 1635 527 1699 quorum
550 1617 666 1682 sceleri
689 1635 754 1680 non
776 1616 901 1680 invenit
921 1616 995 1698 ipss

89 1741 130 1796 30
156 1749 276 1796 nomen
299 1737 332 1794 et
354 1749 375 1792 3
395 1729 485 1793 nullo
507 1729 617 1812 posuit
638 1734 755 1792 natura
777 1727 920 1792 metello.

155 1861 217 1907 nos
240 1842 406 1906 hominum
428 1839 604 1922 divumque
625 1837 724 1904 fidem
747 1839 888 1904 elamore
910 1839 1041 1918 olemus,

156 1960 280 2038 quanto
303 1951 491 2018 Faesidium
514 1950 628 2016 laudet
651 1951 776 2016 vooslis
797 1957 949 2034 egentem

157 2063 330 2149 sportula?
356 2063 415 2144 dio,
440 2063 549 2128 senior
572 2060 661 2127 bulla
683 2062 884 2146 dignissime,
908 2063 1014 2128 neseis

73 2206 279 2218 ——..-——

175 2290 218 2340 26.
254 2302 378 2353 numere,
397 2287 446 2342 rix
459 2290 533 2352 suut]
552 2301 668 2342 numero
687 2287 736 2341 vix
755 2291 822 2341 sunt
835 2305 880 2355 po
891 2287 972 2339 John.
1000 2287 1084 2340 Plano
1096 2287 1209 2340 mutum

69 2381 108 2430 est
126 2375 203 2444 qood
220 2375 248 2426 P
263 2377 328 2442 post
346 2389 442 2428 numer
459 2371 605 2442 scripserat
621 2371 715 2441 primo
732 2377 819 2424 autem
837 2372 928 2425 litters
946 2388 964 2426 s
974 2372 1045 2443 fuit.
1082 2373 1209 2425 Fortasse

70 2461 244 2517 numerosis.
280 2455 413 2512 ‘Restituto'
429 2458 514 2529 ipitor
531 2454 660 2514 numers’
680 2458 830 2511 Borkeos.
861 2473 989 2513 numeres
1008 2457 1207 2530 Setorzjteisot.

175 2549 219 2600 28.
256 2560 331 2600 nune
349 2549 437 2611 setas]
459 2561 535 2600 nous
553 2551 632 2600 33333
645 2562 690 2614 po
716 2543 763 2608 t‘id
779 2549 838 2598 orat
855 2545 920 2599 Non
937 2539 1133 2613 intmopatioo’
1151 2544 1209 2598 Bs-

72 2634 189 2696 clem).
225 2633 274 2685 sta
292 2632 392 2700 Mayor
410 2649 469 2684 oum
487 2631 635 2701 Borplest'o
657 2631 773 2684 Omeros
792 2632 868 2697 Vm,
881 2637 922 2684 38.

143 2831 185 2881 33.
218 2828 315 2884 Sehol
328 2827 403 2884 Pers.
419 2829 441 2894 5,
453 2830 483 2879 31
507 2828 561 2893 [die
579 2858 613 2866 -
631 2828 814 2896 dignissime).

145 3021 184 3071 ts.
222 3035 319 3087 mopno
344 3017 445 3086 gohttrt
473 3033 508 3072 uu
536 3018 641 3073 victrix
671 3017 814 3083 fortunae,
841 3017 933 3082 nieht,
958 3019 1013 3072 wie
1036 3017 1136 3072 linuro
1162 3017 1209 3072 boi

72 3107 173 3174 lleyor
191 3104 289 3168 moini,
308 3119 343 3158 uu
359 3109 523 3172 praecepte.

142 3193 186 3242 20.
222 3189 322 3242 sistris
340 3193 475 3259 senonas
498 3189 639 3258 sapientia.
676 3189 739 3244 Seu.
758 3191 830 3258 Epp.
845 3191 885 3255 ll,
904 3191 937 3241 30
959 3189 1074 3258 sepiens
1096 3189 1211 3258 quidem

73 3277 169 3332 vineit
186 3276 294 3330 virtute
311 3275 460 3330 fortunam.
497 3275 645 3344 Sapientis
662 3276 717 3330 wie
735 3276 799 3331 sehr
810 3274 906 3344 hlufig
918 3275 999 3338 {suoh
1012 3279 1100 3329 unten
1112 3277 1210 3340 v.189)

73 3385 105 3409 =
124 3361 319 3430 Philosophie.
356 3361 482 3431 Georges
501 3362 531 3417 11
550 3379 571 3416 n.
588 3363 618 3416 Β.
638 3361 696 3417 (lie.
714 3362 798 3418 Tuse.
816 3362 830 3417 Ι
848 3364 879 3413 13
903 3361 1051 3429 Sapientis
1074 3377 1147 3429 ques
1166 3377 1211 3417 ors

73 3449 194 3504 vivendi
212 3448 340 3516 putentis
358 3455 407 3504 333
445 3448 614 3514 (133333
633 3464 679 3503 srs
697 3455 740 3504 est
756 3447 940 3517 philosophis
957 3447 1050 3510 vitos).

145 3538 187 3588 25.
222 3533 323 3604 pyxide
340 3550 378 3589 se.
398 3535 509 3590 veneni.
547 3533 604 3588 (lio.
619 3533 694 3588 0331.
707 3537 722 3596 ξ
735 3535 768 3584 35
788 3534 890 3589 veneni
908 3532 1022 3602 pyxide.

144 3623 256 3672 28-30.
293 3618 356 3689 Vgl.
370 3623 394 3686 e,
408 3621 517 3672 23-24.

144 3709 187 3760 33.
223 3705 315 3762 Plsnt
333 3705 398 3760 Aul.
417 3708 465 3758 337
485 3707 555 3774 quin
573 3707 669 3761 divom
688 3711 773 3773 etque
791 3705 936 3760 hominum
953 3706 1058 3760 elamet
1074 3704 1210 3759 eoutinuo

74 3793 168 3848 fidem.
205 3792 266 3846 Lis.
280 3791 367 3846 XXII
381 3793 449 3858 lm
468 3808 525 3848 uon
543 3792 670 3847 homiues
688 3796 807 3858 tentum,
825 3792 877 3846 sed
894 3789 1010 3846 foedere
1027 3797 1057 3845 st
1074 3790 1143 3845 deos
1156 3790 1212 3844 ols-

75 3879 185 3934 bamus.

145 3965 186 4016 33.
223 3965 345 4032 sportolo
366 3962 411 4018 sstr
429 3964 475 4020 die
494 3964 541 4020 (lie
564 3963 690 4032 sportula
708 3963 852 4018 entweder
869 3964 900 4017 in
912 3962 984 4020 Gold
1003 3962 1072 4017 oder
1087 3963 1117 4017 in
1129 3963 1213 4016 Form

77 4052 156 4107 einer
172 4049 357 4118 Bewirthung
375 4053 418 4114 (uu
436 4051 516 4106 Mart.
528 4050 586 4104 VII
599 4053 639 4116 86,
653 4053 676 4113 9)
696 4048 921 4116 empfsngonden
938 4048 1080 4114 Clienton5
1100 4047 1213 4103 thulioh

77 4137 157 4191 liert
170 4135 430 4204 v14squ0dtam
447 4135 554 4206 monde
577 4136 682 4204 sophos
704 4135 808 4190 elamet
829 4135 884 4190 tibi
906 4135 989 4190 turbs
1012 4138 1122 4203 togata,
1148 4134 1214 4190 lion

78 4227 117 4289 tu,
136 4221 284 4290 Pomponi,
303 4237 375 4277 oens
392 4222 499 4277 diserto
516 4227 566 4276 tuo
584 4227 634 4276 333.

147 4309 221 4362 bullo
239 4306 392 4378 dipntssimo
411 4308 436 4362 tl.
449 4308 475 4363 h.
489 4307 589 4364 htiohst
606 4307 745 4364 kindisoh.
783 4307 823 4362 Zu
842 4309 866 4373 5,
881 4308 1024 4359 lot-165.

958 4409 1006 4460 11*
