3059 4934
434 321 520 378 Liber
537 329 661 392 quartus.
699 321 802 379 Satura
820 325 855 378 X.

162 491 296 559 defossa
318 493 351 557 in
374 492 499 559 looulos
523 511 603 576 quos
626 495 773 578 sportula
794 493 874 560 feeit
896 497 1026 561 amieos.

160 611 238 670 tuno
259 623 387 688 quoque
410 604 581 670 materiam
602 605 688 670 risus
709 605 837 671 invenit
858 605 902 672 ad
925 605 1029 672 omnis

160 733 314 780 occursus
337 715 513 798 bominum,
538 716 630 780 ouius
653 715 830 799 prudentia
850 723 1010 783 monstrat

161 844 304 892 summos
320 844 424 910 posse
446 826 534 892 viros
558 833 590 892 et
611 845 732 910 magna
754 829 906 911 exempla
928 827 1060 894 daturos

102 944 137 999 50
160 957 335 1004 vervecum
358 939 393 1002 in
415 937 523 1022 patria
545 955 722 1019 crassoque
744 938 806 1004 sub
827 957 905 1005 aere
927 941 1028 1004 nasei.

158 1049 291 1116 ridebat
313 1066 409 1114 ouras
430 1067 492 1114 neo
514 1068 579 1114 non
602 1056 634 1114 et
656 1048 781 1134 gaudia
802 1049 904 1134 vulgi,

160 1158 326 1225 interdum
349 1167 382 1225 et
403 1160 566 1242 lacrimas,
591 1179 663 1224 oum
685 1161 850 1227 Fortunae
872 1163 945 1245 ipse
966 1163 1087 1227 minaci

159 1269 333 1337 mandaret
353 1270 506 1354 laqueum
529 1269 736 1354 mediumque
757 1269 945 1338 ostenderet
967 1292 1116 1358 unguem.

203 1400 283 1466 crgo
306 1399 512 1466 supervacua
534 1390 590 1449 aut
720 1383 907 1465 perniciosa
927 1392 1091 1468 petuntur,

177 1563 220 1614 46.
257 1561 371 1616 looulos
397 1561 424 1614 P
442 1565 474 1613 ut
496 1559 610 1628 uidetur,
634 1578 703 1614 nunc
726 1561 838 1632 prandio
860 1563 965 1615 mocula
988 1567 1028 1615 cat
1049 1562 1171 1616 indicans
1189 1564 1212 1618 i:

83 1645 178 1702 loculis
195 1667 225 1698 cc.

177 1735 220 1786 47.
256 1737 327 1787 tune
345 1731 373 1785 P
387 1735 520 1785 mutatum
538 1731 567 1784 t'n
583 1739 651 1788 tum.

179 1821 220 1871 54.
258 1824 309 1873 aut
326 1817 489 1887 perniciosa
501 1817 559 1870 Pu:
579 1832 651 1886 quae
669 1816 784 1871 tmcrac't
800 1817 940 1885 Boebeia,
960 1823 1063 1888 etpost
1079 1825 1216 1889 petuntur
1254 1875 1260 1884 ,

83 1909 171 1972 etpost
189 1905 309 1960 deorum
321 1903 398 1973 cium
410 1901 630 1973 tctmcqattcoc‘c
637 1919 740 1972 ponam
754 1903 840 1962 (Mac.
854 1903 942 1957 Rom.
956 1905 1107 1959 XXXIV
1115 1911 1214 1969 355⁸).

82 1989 131 2045 Vel
150 1991 273 2044 1111111111
291 1989 406 2058 madviq
425 1989 573 2043 Dddcrlca'n
591 1988 684 2056 Jatut
702 1993 736 2044 ut
753 1989 857 2044 Mauro
875 1993 901 2042 ct
918 1989 1021 2060 Mayor
1039 1989 1139 2054 (11.4).
1166 1996 1216 2046 aut

82 2089 113 2130 ns
133 2076 296 2145 perniciosa
318 2081 453 2144 petantur
477 2079 530 2130 etc.
556 2074 712 2128 Lachmann
738 2081 789 2130 aut
815 2075 862 2130 vel
888 2075 1052 2143 perniciosa
1077 2080 1215 2143 putantur

83 2161 175 2230 Hoyor
191 2163 292 2215 Joam.
307 2161 441 2231 qubc'lol.
457 2169 521 2216 1319
536 2178 566 2229 p.
580 2167 630 2214 272
649 2175 717 2229 ergo
729 2175 908 2229 supervacua
920 2166 972 2216 aut
983 2161 1039 2216 sibi
1051 2161 1216 2229 perniciosa

82 2253 175 2313 petunt
191 2262 246 2303 neo
263 2245 435 2315 Propter-
451 2246 567 2302 deorum
589 2247 689 2300 Vahlen
708 2245 812 2300 Vindic.
826 2246 920 2299 Iacca.
935 2262 965 2315 p.
980 2253 1012 2299 13
1031 2261 1100 2315 ergo
1118 2261 1215 2317 super·

83 2347 164 2386 vacnu
185 2332 258 2388 haee
280 2339 332 2388 aut
354 2333 405 2396 (ccl
427 2337 478 2388 aut
500 2331 554 2399 vel,
579 2337 630 2387 aut
648 2333 684 2396 et)
707 2331 871 2400 perniciosa
888 2337 1025 2401 putentur
1042 2331 1162 2399 Propter
1180 2361 1215 2370 —

84 2416 210 2473 deorum?
231 2418 370 2473 Ricbcrdc
392 2419 474 2473 01111.
488 2418 678 2472 1111111326.

177 2559 219 2608 50.
257 2555 356 2612 Horat
369 2555 440 2624 Epp.
454 2555 484 2611 11
500 2559 521 2622 1,
535 2557 586 2607 244
604 2559 700 2610 unten.

176 2645 216 2694 52
254 2641 354 2697 Horat
372 2642 443 2711 Epp.
461 2641 475 2696 I
495 2643 517 2708 1,
536 2643 569 2694 38
593 2642 736 2696 Fortunae
761 2646 790 2696 te
813 2653 980 2709 responsare
1004 2639 1144 2708 superbae
1167 2640 1214 2694 Li-

85 2725 171 2781 berum
189 2733 220 2783 st
238 2732 372 2784 ereetum.

145 2867 204 2920 321.
242 2865 338 2921 Sobel.
350 2864 427 2920 Pers.
441 2867 465 2930 2,
479 2865 511 2916 33
532 2867 604 2928 (oum
621 2893 656 2903 -
673 2867 813 2932 unguemji.

143 3003 182 3054 to.
219 3002 328 3068 loculos,
347 3002 402 3056 wie
423 3004 444 3068 1,
459 3003 500 3053 89.

143 3089 181 3138 50.
217 3103 357 3141 ceuccam
375 3086 404 3139 in
417 3086 521 3155 patric.
558 3085 667 3156 Schbps
685 3084 730 3141 fiir
748 3082 926 3154 Dummlropf
940 3082 1008 3140 Otto
1027 3085 1088 3154 Spr.
1107 3099 1213 3140 vervex

86 3171 135 3224 und
162 3189 196 3228 nu
217 3173 332 3227 Petron.
353 3175 393 3223 57.
435 3169 552 3228 Abdera
575 3188 632 3226 war
657 3172 707 3227 der
731 3171 902 3227 (ieburtaort
926 3170 999 3225 auch
1023 3172 1141 3225 auderet
1163 3169 1213 3226 be·

86 3253 229 3314 deutender
245 3258 370 3323 biduum,
388 3258 443 3313 wie
461 3257 511 3312 dos
523 3258 695 3327 Protagoras
713 3257 773 3311 und
790 3257 841 3311 dos
854 3255 1031 3310 Historikers
1044 3257 1213 3311 Hecataeus.

144 3361 282 3414 uanoque
299 3343 347 3397 aco
366 3361 433 3396 acre.
470 3343 536 3398 Hor.
550 3343 621 3413 pr.
634 3343 664 3397 11
680 3344 702 3408 1,
716 3343 767 3394 244
784 3343 923 3396 Boeotum
941 3342 972 3395 iu
990 3356 1086 3396 crasso
1105 3341 1214 3395 iurares

86 3441 141 3482 aero
165 3437 270 3485 natum.
315 3428 374 3484 otc.
393 3430 455 3485 Nat.
477 3428 502 3482 d.
522 3427 537 3482 Ι
558 3429 605 3480 120
632 3428 727 3497 patria
751 3427 911 3482 Democriti
938 3442 1022 3495 quam
1048 3427 1213 3480 Democrito

87 3509 214 3578 digniora.

145 3601 183 3652 53.
212 3603 349 3672 sortem
375 3599 514 3652 mandaret
541 3599 670 3668 loqueum.
716 3597 802 3667 Apul.
822 3597 887 3653 bist.
906 3596 950 3650 IX
968 3597 1001 3648 36
1028 3594 1214 3664 suspendium

86 3695 138 3737 sese
156 3691 184 3740 et
201 3687 272 3741 totis
291 3684 348 3740 illis
367 3690 397 3739 et
415 3685 487 3753 ipsis
503 3683 617 3753 legibus
628 3683 770 3738 mandare.
795 3682 887 3738 Plaut.
900 3682 975 3736 Pera.
989 3681 1016 3737 V
1028 3684 1052 3748 2,
1066 3683 1099 3732 34
1118 3680 1215 3735 restim

87 3771 113 3820 tu
129 3770 178 3825 tibi
197 3787 269 3841 cape
288 3787 410 3827 erassum
429 3777 459 3825 et
476 3770 618 3839 suspende
637 3775 673 3825 te.

145 3857 311 3926 mediumque
328 3857 477 3910 osteodes-ct
494 3873 614 3925 unquam
641 3853 733 3909 Schol.
753 3851 851 3909 infami
870 3853 963 3922 digito
982 3852 1064 3917 ffers.
1079 3853 1102 3916 2,
1116 3852 1148 3900 33
1162 3849 1214 3903 mit

88 3934 165 3994 iabus
176 3941 370 4012 Anmerkung)
384 3943 412 3998 oi
425 3941 546 4010 turpiter
559 3939 728 3995 insultabat:
747 3939 804 4007 vgl.
817 3955 853 3992 au
864 3938 944 3996 Mart.
959 3937 988 3992 ΙΙ
1002 3938 1043 4001 18,
1059 3938 1071 3987 1
1092 3935 1214 4004 digitum

89 4026 214 4094 ionigito
232 4027 364 4083 medium.
395 4027 448 4084 Ala
467 4027 591 4083 obsodne
610 4024 739 4082 Gob'a'rde
758 4022 832 4079 auch
848 4038 897 4078 aur
915 4020 1039 4078 Abwebr
1057 4021 1108 4076 dos
1125 4019 1216 4075 boson

89 4103 187 4166 blickos
204 4113 372 4182 gebrauobt:
392 4111 423 4168 0.
441 4111 518 4168 Jahn
535 4111 595 4168 Ber.
615 4111 641 4166 d.
660 4110 750 4166 sticha-
770 4108 835 4165 aec.
856 4107 989 4163 111111.
1005 4109 1078 4160 1855.

146 4199 185 4249 54.
203 4201 245 4251 55.
281 4199 356 4255 Dass
374 4199 424 4254 der
436 4197 581 4254 Wortlaut
598 4197 649 4253 des
667 4201 761 4251 ersten
773 4193 878 4249 Versat
894 4192 976 4248 nieht
992 4193 1045 4248 mit
1057 4190 1217 4248 Sioberboit

91 4275 265 4340 horrustoilen
290 4285 340 4352 ist,
365 4283 476 4353 ergiebt
500 4283 561 4339 sich
585 4297 636 4338 aus
661 4282 710 4337 der
735 4294 854 4350 grosaen
871 4278 982 4354 Aunahl
1006 4277 1216 4346 (1111111131-
