3059 4934
419 333 505 389 Liber
523 333 647 403 quietus.
684 333 788 390 Satura
804 334 885 388 XIII.

171 506 249 571 talis
271 511 308 571 ut
330 512 380 570 est
402 504 507 588 hodie,
532 513 745 588 oonteutaqne
768 506 879 572 sidera
900 507 1014 590 paneis

168 617 357 684 numinibus
379 617 532 682 miserum
555 618 737 701 urguebant
758 619 892 684 Atlanta
912 619 1028 684 minori

168 728 325 812 pondere,
348 727 491 794 nundum
514 729 633 811 aliquis
655 730 787 796 sortitus
809 731 903 796 triete
924 730 1076 814 profundi

106 849 144 904 50
167 841 343 926 imperium
365 847 423 906 aut
444 839 556 906 Siouia
577 848 685 908 torvos
708 861 780 906 eurn
802 843 940 926 ooniuge
961 842 1086 923 Pluton,

169 971 231 1017 neo
253 957 326 1018 rota
348 971 408 1018 uee
430 952 550 1018 Furiae
572 971 633 1018 nee
655 971 771 1018 saxum
792 959 850 1018 aut
871 953 1009 1019 vulturis
1030 953 1095 1018 atri

168 1083 286 1147 poena,
310 1061 371 1128 sed
392 1063 531 1130 infernis
553 1063 675 1130 hilares
698 1065 770 1130 sine
792 1064 924 1148 regibus
946 1064 1088 1132 umbrae.

168 1174 350 1259 inprobitas
372 1174 430 1240 illo
452 1175 515 1241 fuit
535 1173 736 1242 admirabilis
758 1195 850 1257 aevo,

169 1285 433 1369 credebantque
455 1285 580 1371 grande
603 1287 696 1354 netas
717 1294 751 1354 et
772 1296 876 1354 morte
898 1287 1054 1371 piandum

105 1408 144 1462 55
170 1399 199 1462 si
222 1399 351 1466 iuvenis
373 1400 482 1466 vetulo
504 1418 569 1465 nou
591 1397 822 1466 adsurrexerat
844 1406 877 1465 et
898 1401 927 1464 si

168 1510 307 1576 barbato
330 1513 520 1593 ouieumque
541 1530 632 1594 puer,
656 1510 733 1578 lieet
754 1511 825 1594 ipse
847 1510 974 1578 videret

169 1622 267 1706 plura
290 1621 376 1688 domi
398 1622 495 1706 fraga
518 1630 550 1688 et
572 1623 712 1688 maiores
734 1621 864 1706 glandis
887 1641 1037 1702 aoarvos;

170 1739 238 1799 tam
261 1733 449 1800 venerabile
472 1741 543 1800 erat
564 1733 762 1817 praeoedere
785 1741 937 1817 quattuor
959 1735 1062 1816 annis,

168 1845 342 1928 primaque
363 1865 424 1930 par
446 1844 528 1911 adeo
551 1865 665 1912 saurae
687 1845 807 1929 lanugo
830 1854 991 1914 seueetae.

103 1965 144 2020 60
169 1977 256 2022 nuno
279 1958 306 2022 si
330 1957 514 2041 depositum
536 1977 601 2023 non
622 1958 779 2024 infitietur
800 1959 933 2041 amiens,

170 2069 199 2134 si
221 2066 339 2134 reddat
359 2075 504 2134 veterem
527 2087 598 2134 oum
620 2076 689 2134 tota
711 2071 868 2154 aerugine
891 2069 1011 2151 follem,

168 2178 357 2263 prodigiosa
378 2178 460 2246 fides
484 2187 516 2246 et
538 2181 654 2246 Tuseis
676 2180 778 2266 digno
800 2181 920 2248 libellis

187 2371 229 2422 49.
266 2368 429 2438 aliquinum.
441 2368 535 2422 Pudd.
546 2373 680 2438 tamquam
688 2370 816 2422 scholium
823 2387 853 2438 p.
875 2365 1011 2424 ‘Fortem
1023 2365 1104 2425 aliuu'
1113 2369 1217 2422 Jaan.

186 2457 228 2507 58.
265 2461 322 2510 tam
339 2455 368 2510 P
388 2455 435 2511 vel
451 2459 547 2524 tump
565 2453 649 2519 (t'dem
666 2455 813 2509 coniecerat
834 2456 935 2510 Joan
955 2459 982 2508 et
1005 2454 1034 2508 ἐπ
1052 2459 1126 2508 textu
1150 2456 1218 2508 edi

79 2541 195 2612 posuit).

187 2707 250 2759 555.
286 2703 523 2774 CyprianLevit.
539 2707 615 2760 lide.
641 2705 666 2760 si
691 2705 804 2760 invenit
824 2703 921 2760 vetulo
944 2720 1002 2760 non
1027 2705 1219 2760 adsurrexerit

82 2798 111 2846 et
129 2792 154 2846 si
173 2790 300 2845 Barbato
318 2790 486 2860 ouioumque
504 2806 582 2859 puer.

82 2897 290 2907 ——-

151 2957 213 3010 48⁸.
249 2953 385 3009 Priseian.
398 2953 456 3008 VII
477 2956 516 3021 13,
530 2955 563 3006 69
582 2953 663 3010 GLK.
677 2953 707 3009 11
726 2955 784 3021 346,
798 2955 830 3006 12
850 2953 1003 3018 (Iuvenalis
1022 2954 1052 3008 iu
1070 2954 1107 3010 V:
1126 2956 1218 3009 numi-

81 3043 168 3098 nibus
186 3042 319 3097 miserum
336 3040 496 3109 urguebant
514 3039 632 3095 Atlanta
649 3041 752 3094 minori
770 3041 914 3103 Pondere).

82 3207 191 3262 Haase:
216 3220 326 3260 ornnem
348 3204 432 3260 istam
456 3202 610 3272 ignobilem
633 3203 748 3258 deorum
771 3202 896 3269 turbam,
923 3219 1007 3272 quam
1033 3203 1119 3274 longo
1146 3219 1218 3260 aevo

81 3294 170 3361 longa
189 3291 355 3360 superstItio
373 3291 524 3359 congessit.
562 3288 625 3358 Vgl.
640 3289 712 3344 anob
730 3287 772 3343 Id.
785 3289 822 3344 ib.
835 3289 881 3343 III
896 3291 934 3355 II,
948 3291 963 3340 ³
975 3289 1022 3343 tin.
1034 3291 1094 3344 und
1105 3290 1146 3345 IV
1159 3293 1182 3344 8.

151 3381 195 3430 49.
230 3376 330 3446 aliquis
347 3375 391 3431 dtr
408 3377 531 3442 neptun,
551 3374 664 3429 thulieh
681 3375 736 3430 wie
754 3373 829 3428 aliua
848 3377 870 3439 1,
887 3377 917 3426 10
934 3372 981 3429 fiir
1000 3374 1093 3441 Iason,
1114 3379 1153 3442 10,
1167 3379 1217 3428 257

81 3462 128 3518 fflr
145 3464 264 3518 Laertes
283 3467 327 3528 (uu
348 3463 433 3528 1‚10).

151 3549 239 3603 Pater
257 3549 319 3616 ipse
336 3546 471 3617 profundi
483 3546 573 3601 heisst
584 3547 699 3615 Neptuu
717 3544 780 3600 Val.
793 3545 834 3599 ul.
848 3545 877 3599 II
890 3547 948 3598 6⁰6.
971 3544 1099 3601 Ovidii.
1113 3546 1155 3601 xl
1167 3549 1217 3600 20³

82 3650 205 3705 eumque
222 3633 409 3701 tridentigero
427 3632 530 3688 tumidi
548 3631 678 3700 genitore
695 3630 836 3699 profundi.

152 3724 195 3773 51.
231 3719 347 3774 eudturs'e
364 3718 426 3772 atri.
464 3717 700 3788 Sen.Thyest.10
720 3718 837 3787 (Tityus)
855 3717 1014 3774 viroeribus
1031 3723 1108 3774 atras
1124 3720 1219 3787 paeoit

82 3808 197 3864 effossis
215 3821 292 3861 ares.

152 3894 194 3944 53.
232 3891 400 3944 adonirabibe
418 3890 598 3956 eretaunlieh‚
617 3889 671 3944 wie
690 3889 841 3944 admitatio
858 3891 1019 3946 Eretaunen
1036 3894 1060 3958 6,
1074 3895 1131 3945 646.

151 3979 194 4031 60.
230 3975 371 4032 Aebnlieb
400 3976 547 4033 Claudian.
569 3976 657 4030 Laud.
680 3975 790 4032 Stiliob.
812 3976 842 4030 II
866 3978 897 4027 55
926 3977 1018 4033 iustos
1044 3978 1219 4046 nimiumque

83 4064 181 4120 fideles
199 4063 287 4117 Fama
302 4068 385 4132 putat
403 4065 451 4132 qui
470 4079 534 4118 oum
551 4063 664 4131 possint
682 4062 831 4117 eommiesa
847 4076 951 4130 negare
972 4063 1122 4118 Maluerint
1139 4063 1218 4120 nullo

83 4149 185 4206 violati
203 4149 322 4204 reddere
341 4154 468 4217 quotu.

151 4237 193 4288 62.
237 4235 331 4288 raam
343 4263 377 4273 —
395 4234 497 4288 labellis.
528 4233 597 4290 Was
608 4233 656 4288 eiu
666 4233 830 4302 prodigium
841 4234 963 4290 bedente
977 4236 1053 4304 (quid
1065 4238 1218 4305 portendat

83 4321 265 4391 prodigium),
283 4320 380 4376 wurde
398 4319 576 4390 gewbhnlieh
595 4320 683 4376 durch
701 4321 748 4376 eiu
766 4335 931 4390 responsum
948 4321 999 4377 der
1022 4322 1219 4380 etruekieeben
