3059 4934
470 347 556 402 Liber
573 355 698 418 quartus.
735 347 838 404 Satura
855 349 890 404 X.

196 517 293 583 duem
317 519 447 584 animae
469 538 553 600 quae
574 537 628 584 res
649 519 810 586 humanas
833 521 964 586 miscuit
984 521 1072 606 olim,

196 649 260 696 non
282 628 396 713 gladii,
420 649 484 695 non
507 648 590 696 saxa
611 628 736 696 dabunt
756 650 819 696 nec
840 632 916 713 tela,
941 631 1001 698 sed
1022 633 1081 698 ille

117 749 173 806 166
196 741 383 806 Cannarum
404 740 526 807 vindex
548 748 580 806 et
600 743 685 808 tanti
708 742 879 824 sanguinis
900 743 985 809 ultor

195 853 323 919 anulus.
368 854 381 917 i
403 850 538 918 demens
561 859 593 919 et
615 871 733 919 saevas
755 873 848 919 curre
870 874 930 938 per
950 855 1062 941 Alpes,

196 971 232 1030 ιιι
253 964 366 1049 pueris
387 963 521 1046 placeas
544 969 577 1030 et
600 962 795 1031 declamatio
815 966 885 1031 lias.

195 1093 279 1142 unus
301 1075 435 1141 Pellaeo
457 1075 567 1140 inveni
590 1095 654 1140 non
677 1075 797 1141 sufficit
818 1076 915 1158 orbis,

196 1193 327 1252 aestuat
348 1185 465 1252 infelix
487 1193 627 1270 angusto
650 1186 753 1252 limite
777 1186 888 1253 mundi

114 1307 171 1362 170
195 1306 232 1363 ut
254 1297 358 1383 Gyari
382 1297 512 1363 clausus
535 1299 677 1381 scopulis
699 1317 868 1382 parvaque
890 1298 1043 1383 Seriph03

195 1429 268 1475 cum
291 1415 401 1474 nmen
423 1429 444 1474 a
465 1407 576 1492 figulis
597 1407 754 1474 munitam
776 1410 948 1475 intraverit
969 1412 1091 1494 urbem,

194 1520 399 1604 sartophago
421 1526 590 1586 contentas
613 1521 682 1586 erit.
728 1539 815 1586 mors
836 1520 908 1586 sola
929 1521 1050 1587 fatetur

196 1633 355 1714 quantula
376 1633 442 1697 sint
463 1632 629 1697 hominum
652 1630 853 1715 corpuscula.
899 1631 1041 1699 creditur
1062 1633 1139 1699 olim

194 1742 377 1809 velificatus
398 1742 502 1808 Athos
525 1749 558 1808 et
580 1742 741 1825 quidquid
762 1741 903 1808 Graecia
924 1743 1067 1809 mendax

215 1934 271 1984 166.
308 1929 612 2000 Claudian.Epp‚1,le
624 1929 768 1986 Pellaeum
778 1931 909 1986 iuvenem
919 1947 1017 2000 regum
1026 1931 1130 1989 flexere
1139 1935 1246 1990 ruinae,

212 2017 318 2070 Lucan.
331 2015 359 2068 V
373 2016 421 2066 356
446 2015 550 2084 quibus
571 2015 618 2069 hic
640 2031 698 2070 nou
716 2014 824 2070 sufficit
840 2016 925 2071 orbis.
961 2015 1003 2071 Id.
1016 2017 1044 2070 X
1056 2019 1107 2068 455
1126 2017 1246 2084 [Cassan

106 2104 153 2158 hic
172 2103 221 2157 cui
240 2101 364 2156 Romani
383 2101 506 2170 spatium
524 2117 582 2155 non
600 2099 707 2156 sufficit
728 2100 813 2156 orbis·
848 2099 1246 2158 Antlol.111513=ro·rn1.

106 2187 217 2245 sufficit
233 2187 302 2242 huic
321 2185 500 2250 (Menandro)
519 2185 651 2252 tumulus,
671 2186 718 2241 cui
735 2202 795 2241 non
813 2186 965 2242 suffecerat
982 2188 1068 2243 orbis.

216 2275 274 2327 169.
310 2275 415 2328 Lucan.
428 2271 471 2326 VI
484 2273 517 2324 63
536 2277 649 2328 aestuat
667 2279 790 2341 angusta
807 2272 902 2327 rabies
920 2273 1016 2327 civilis
1034 2273 1147 2329 harena.

214 2362 272 2412 114.
309 2359 408 2414 Claud.
417 2357 484 2414 Mar.
495 2357 596 2414 Victor
607 2356 738 2424 [Sohenhl
753 2357 783 2412 (l.
794 2358 893 2413 eccles¹
906 2357 955 2412 lat.
965 2357 1035 2413 xvl
1046 2361 1104 2423 413)
1117 2359 1247 2415 Alethias

105 2447 152 2502 111
168 2449 218 2500 191
237 2444 360 2500 mendax
375 2442 379 2512 Ι
396 2442 524 2500 Graecia.
554 2442 663 2500 Ausou.
677 2442 754 2499 (irat
769 2449 822 2498 act
838 2445 878 2507 16,
889 2445 919 2494 81
941 2444 971 2497 in
989 2443 1148 2499 audacibus
1161 2444 1247 2501 Grae·

106 2549 207 2590 corum
224 2531 338 2587 fabulis.

178 2705 237 2757 173.
275 2701 369 2758 Schol.
382 2701 491 2756 Lucani
510 2702 539 2756 ll
553 2704 601 2754 617
622 2700 755 2762 (creditur
772 2730 807 2738 —
825 2699 961 2764 mendax).

177 2791 236 2841 ιιι.
272 2787 409 2843 Priscian.
422 2785 495 2842 vm
508 2789 532 2854 ι,
546 2789 579 2838 ιιι
598 2793 627 2842 ot
646 2790 678 2839 ιι
697 2785 779 2842 cuir.
793 2786 822 2840 11
837 2787 894 2853 aer,
910 2788 940 2838 ιι
959 2791 988 2842 at
1005 2788 1093 2854 roae
1114 2778 1247 2851 (voltuos-

106 2883 153 2932 tus
171 2905 207 2914 -
225 2873 362 2937 historia).

105 2981 316 2992 ———-··-—·

104 3027 206 3098 patris.
243 3026 328 3081 Pater
340 3054 376 3064 -
393 3026 434 3081 ait
445 3054 480 3064 —
496 3026 566 3094 quid
578 3031 622 3082 est
634 3026 711 3095 quod
723 3033 781 3081 tam
792 3041 874 3081 mane
886 3030 999 3095 praeter
1011 3026 1247 3083 cousuetudinem

104 3111 260 3183 vigilasti?
286 3111 397 3164 Mulier.

179 3199 237 3250 166.
275 3196 287 3249 i
296 3225 333 3236 -
344 3201 369 3250 et
386 3213 470 3250 carre.
502 3197 648 3253 Ironische
661 3197 882 3266 Aufforderung‚
902 3203 982 3254 sonet
1000 3199 1009 3251 i
1026 3214 1103 3253 nunc
1115 3199 1167 3253 mit
1179 3199 1248 3254 oder

104 3284 181 3340 ohne
200 3289 237 3338 at.
274 3282 316 3336 uu
333 3283 429 3349 ecoe.

177 3371 237 3421 rev.
274 3367 429 3434 tuerer.

178 3455 237 3506 168.
274 3452 384 3508 Seneca
410 3452 489 3508 Suae.
514 3456 536 3521 1,
559 3457 574 3506 2
601 3453 794 3510 Alexandrum
821 3469 885 3508 cum
912 3454 981 3510 orbe
1002 3483 1037 3492 -
1060 3455 1191 3509 desinere
1213 3484 1248 3492 -

105 3544 120 3592 3
139 3539 309 3596 Alexandro
329 3538 406 3593 orbis
423 3544 562 3606 angustus
581 3545 625 3594 est
641 3569 674 3578 -
697 3543 712 3590 5
737 3539 816 3595 orbis
840 3539 922 3594 illum
945 3555 1014 3594 suus
1036 3556 1093 3595 non
1117 3541 1197 3608 capit
1213 3570 1248 3578 -

106 3629 140 3679 14
157 3631 252 3682 testor
270 3631 337 3679 ante
355 3624 451 3679 orbem
469 3624 523 3680 tibi
541 3629 621 3679 tuum
640 3625 739 3680 deesse
758 3641 842 3694 quam
863 3625 990 3680 militem.
1034 3625 1158 3679 Pellaeas
1179 3625 1249 3681 oder

103 3711 240 3767 Pellaeus
267 3710 382 3765 iuvenis
408 3709 498 3765 hoissi
523 3709 687 3765 Alexander
715 3710 788 3765 anch
813 3711 861 3765 hei
889 3710 1036 3765 Claudiam
1057 3711 1092 3766 de
1109 3710 1152 3765 IV
1170 3726 1247 3766 cons.

105 3797 214 3852 Honor.
229 3798 281 3847 371
299 3795 358 3850 und
375 3795 442 3864 Epp.
459 3798 481 3861 l,
496 3797 527 3847 16
548 3796 628 3850 oben.
1022 3812 1026 3821 ¹

178 3884 236 3933 170.
277 3881 417 3950 Gyari-
436 3881 557 3949 Serapio.
594 3881 634 3936 Zu
652 3885 676 3947 6,
690 3883 770 3936 teas.

177 3969 236 4020 171.
265 3965 374 4038 fiyalie.
409 3966 466 4021 Die
484 3965 604 4021 coctiles
628 3967 699 4020 muri
724 3967 868 4038 Babylone
892 3966 941 4022 Ov.
961 3967 1025 4022 hiet.
1045 3965 1087 4021 1v
1106 3969 1146 4018 ts.
1182 3965 1247 4035 Vgl.

104 4055 212 4109 Lucan.
226 4051 268 4106 VI
282 4051 315 4104 19
322 4067 342 4108 s.
378 4051 471 4107 Ueher
489 4053 536 4106 die
555 4051 780 4122 Umsohreibung
798 4054 849 4108 des
866 4054 989 4108 Namsns
1008 4069 1043 4107 uu
1061 4055 1085 4117 6,
1098 4055 1139 4104 45.

177 4141 271 4193 t'l3ss.
302 4137 359 4192 Cic.
379 4137 440 4192 Flu.
460 4138 489 4192 II
505 4140 553 4190 111
571 4139 680 4193 Xerxes
693 4154 756 4193 cum
768 4167 803 4177 —
815 4138 1002 4207 Hellesponto
1015 4139 1122 4203 iuncto,
1134 4136 1249 4193 Athone

105 4223 245 4293 perfosso,
265 4224 355 4278 maria
372 4223 582 4290 ambulavisset,
601 4230 704 4278 terram
722 4224 919 4292 navigavisset
937 4229 991 4278 etc.

182 4312 242 4362 174,
280 4309 430 4380 aelptoataa
455 4311 549 4364 Altae.
592 4310 651 4366 Der
676 4325 731 4364 von
755 4310 865 4365 Xerxes
892 4309 981 4364 durch
1006 4309 1062 4366 den
1086 4309 1178 4366 Athos
1200 4325 1248 4379 ge·
