3059 4934
422 298 506 353 Liber
525 298 648 366 quintus.
686 297 788 354 Satura
805 298 886 353 XIII.

178 477 210 535 et
229 469 344 538 Martis
366 469 523 536 frameam
547 476 580 534 et
602 468 750 534 Cirrhaei
773 471 899 554 spicula
920 473 1014 552 ratis,

118 589 156 644 80
176 602 234 667 per
256 582 400 648 calamos
421 583 596 647 venatricis
618 581 869 666 pharetramque
891 583 1022 665 puellae

175 714 297 779 perque
320 700 418 776 tuum,
442 700 536 778 pater
558 694 682 776 Aegaei
703 694 865 778 Neptune,
888 694 1069 775 tridentem,

176 805 268 872 addit
291 815 325 872 et
346 805 525 870 Herculeos
547 823 641 869 arens
663 804 857 887 hastamque
879 806 1054 887 Minervae,

176 917 336 1000 quidquid
357 917 479 983 habent
500 917 635 982 telorum
658 919 909 983 armamentaria
930 919 1021 982 caeli.

174 1032 201 1094 si
224 1049 303 1094 vero
327 1036 360 1094 et
380 1035 474 1113 pater
497 1035 555 1110 est,
578 1022 764 1094 ‘comedam'
789 1031 896 1111 inquit
915 1022 1034 1096 ‘flebile
1056 1032 1125 1095 nati

116 1149 152 1204 85
175 1143 317 1226 sinciput
340 1140 418 1206 elixi
441 1140 625 1222 Pharioque
647 1139 810 1206 madentis
832 1134 943 1206 aceto'.

217 1253 350 1318 suntin
373 1251 524 1317 fortunae
547 1253 603 1332 qui
626 1252 756 1318 ensibus
779 1253 889 1318 omnia
909 1262 1032 1335 ponant

192 1433 302 1484 85-87.
339 1431 488 1487 Claudiae.
502 1431 536 1485 In
550 1431 642 1486 Rufio.
656 1432 696 1485 11
723 1447 809 1502 saepe
826 1432 894 1486 mihi
914 1433 1029 1488 dubiam
1046 1434 1140 1490 traxit
1158 1451 1220 1490 seu·

93 1520 181 1572 tentia
197 1525 319 1573 mentem
337 1516 475 1572 (iurarent
492 1518 588 1586 superi
607 1524 696 1572 terras
715 1534 751 1572 an
768 1518 863 1573 nullus
883 1519 990 1574 iaceret
1007 1519 1115 1574 Rector
1132 1526 1162 1575 et
1178 1523 1221 1576 iu·

92 1611 168 1658 certo
191 1603 310 1660 fluerent
333 1603 464 1658 mortalia
482 1619 557 1658 casu.
593 1604 664 1658 Nam
682 1619 745 1658 curn
764 1604 898 1672 dtspositi
917 1605 1089 1672 quaesissem
1106 1605 1222 1661 foedera

92 1689 193 1756 mnndl‚
211 1689 463 1759 Praeseriptosqne
476 1691 545 1744 mari
563 1688 641 1756 fines,
660 1689 799 1758 annisque
811 1695 921 1745 meatus
937 1691 975 1744 Et
987 1691 1060 1746 lucis
1071 1693 1221 1762 noctisque
1266 1747 1270 1760 ,

92 1776 176 1840 vices,
194 1783 262 1830 tunc
281 1775 377 1829 omnia
394 1775 476 1829 rebar
494 1773 622 1830 Consilio
639 1775 749 1829 firmata
767 1775 813 1830 dei
836 1776 886 1843 qui
909 1775 973 1844 lege
995 1778 1103 1831 moveri
1122 1776 1222 1832 Sidera

90 1889 124 1899 —
144 1862 256 1918 iusserit
274 1865 327 1916 etc.
348 1862 379 1911 12
397 1860 448 1916 sed
466 1877 529 1915 cum
547 1876 591 1916 res
609 1860 753 1914 homiuum
776 1865 856 1915 tanta
876 1849 1000 1930 caligine
1018 1863 1099 1916 volvi
1116 1862 1221 1933 Adspi-

91 1962 179 2001 cerem
188 1976 222 1984 -
234 1961 332 2001 rursus
344 1945 484 2001 labefacta
497 1947 618 2002 cadebat
628 1947 763 2016 Belligio,
777 1961 950 2015 caussaeque
962 1948 1037 2002 viam
1049 1965 1108 2003 non
1119 1955 1221 2018 sponte

91 2032 232 2100 sequebar,
251 2031 379 2088 Alterius
397 2049 489 2087 vacuo
502 2047 575 2102 quae
590 2047 700 2087 currere
717 2034 826 2088 semina
837 2040 915 2087 motu
927 2031 1065 2100 Affirmat,
1077 2051 1221 2103 magnum-

91 2133 144 2186 que
166 2135 255 2174 novas
277 2134 329 2186 per
353 2119 437 2174 inane
461 2118 566 2187 figuras
587 2118 720 2186 Fortuna,
745 2134 803 2173 non
825 2124 885 2174 arte
906 2120 982 2187 regi:
1008 2136 1080 2187 quae
1104 2121 1222 2175 numina

91 2220 173 2259 sensu
190 2203 343 2274 AmbIguo,
363 2203 409 2258 vel
426 2204 505 2258 nulla
521 2210 606 2270 putat
623 2205 670 2258 rel
688 2205 786 2259 nescia
803 2205 902 2258 nostri.

157 2345 196 2394 83.
233 2343 334 2396 Isidor.
349 2341 443 2410 Origg.
457 2341 511 2396 XV
523 2343 547 2408 5,
561 2343 584 2391 4.
678 2347 682 2350 “

156 2483 196 2532 80.
232 2479 337 2534 Tibull·
350 2480 363 2533 1
376 2481 401 2545 4,
415 2479 517 2532 25-26
534 2492 640 2547 perque
653 2494 719 2533 sues
732 2479 846 2545 Impune
859 2479 929 2533 sinit
940 2479 1087 2547 Dictynna
1098 2480 1218 2548 sagittas

91 2563 217 2626 Affirmcs
236 2565 329 2620 crines
345 2580 452 2634 perque
470 2565 597 2619 Minerva
615 2581 690 2620 suos.

154 2654 196 2704 85.
233 2650 386 2720 Pharioque
406 2679 442 2690 -
463 2655 542 2703 aceto.
586 2650 665 2706 biart.
685 2649 758 2704 XIII
779 2654 826 2702 120
853 2649 1011 2704 Niliaci·
1033 2651 1115 2704 aceti.
1160 2650 1218 2705 cie.

91 2737 217 2794 Hortens-
239 2736 287 2792 bei
306 2737 415 2792 Nonius
434 2753 460 2806 p.
475 2738 524 2787 240
551 2735 669 2790 alterius
692 2736 850 2803 ingenium,
874 2736 951 2790 sicut
975 2743 1085 2791 acetum
1103 2735 1224 2806 Aegyp*

92 2823 163 2888 tium,
184 2838 257 2878 acre.
768 2873 773 2882 .

153 2910 265 2961 86-88.
301 2908 374 2962 Plin.
392 2909 426 2964 N.
438 2907 465 2962 h.
478 2907 508 2960 Il
521 2909 553 2958 22
577 2912 639 2962 toto
658 2907 764 2976 quippe
782 2907 887 2962 mundo
904 2937 938 2945 —
957 2908 1081 2962 omnium
1098 2907 1219 2962 vocibus

91 2995 212 3050 Fortuna
229 2993 294 3050 sola
312 2995 461 3049 invocatur
480 3009 513 3048 ac
531 2993 705 3056 nomiuatur,
723 3009 782 3047 una
799 2998 957 3059 accusatur,
975 3009 1033 3047 una
1049 2995 1145 3061 agitur
1163 3008 1218 3060 rea,

91 3096 142 3134 una
160 3081 317 3149 cogitatur,
343 3080 404 3134 sola
421 3078 566 3146 laudatur,
585 3078 647 3133 sola
665 3079 800 3147 arguitur.
820 3084 930 3134 etcum
949 3080 1089 3133 conviciis
1107 3080 1218 3145 colitur,

90 3165 232 3232 rotabilis,
257 3164 435 3234 aplerIsque
460 3179 527 3218 vero
546 3170 575 3218 et
593 3180 679 3219 caeca
696 3165 879 3230 existumata,
903 3180 977 3232 vaga
994 3165 1158 3220 inconstans
1177 3166 1219 3220 in·

90 3259 162 3306 certa
185 3251 267 3306 varia
285 3251 521 3318 indignorumque
539 3247 656 3304 fautrix:
682 3250 749 3304 hnic
767 3251 863 3304 omnia
880 3265 1016 3318 expensa,
1040 3250 1107 3304 huic
1125 3251 1220 3305 omnia

90 3336 213 3393 teruntur
231 3340 357 3404 accepta,
376 3340 405 3390 et
424 3336 453 3388 in
470 3339 533 3391 tota
550 3335 660 3390 ratione
678 3336 838 3390 mortalium
856 3336 917 3391 sola
928 3342 1074 3404 utramque
1086 3336 1220 3404 paginam

89 3421 166 3490 lectt,
192 3423 321 3490 adeoque
339 3421 480 3476 obnoxiae
498 3437 594 3476 sumus
613 3421 710 3487 sortis,
736 3428 769 3477 ut
786 3437 847 3476 sors
865 3423 929 3491 ipsa
946 3437 998 3490 pro
1016 3421 1070 3475 deo
1089 3421 1139 3486 sit,
1163 3437 1219 3489 qua

91 3509 155 3564 deus
172 3509 312 3578 probatur
324 3507 456 3562 incertus.
486 3507 552 3561 Tac.
566 3505 600 3561 A.
615 3506 656 3560 VI
668 3510 700 3558 22
719 3507 788 3562 mihi
800 3537 834 3546 -
847 3509 877 3562 in
895 3509 1003 3561 incerto
1015 3506 1154 3560 indicium
1166 3515 1218 3572 est,

90 3593 181 3650 latone
208 3610 254 3649 res
279 3593 440 3649 mortalium
468 3599 497 3647 et
522 3593 692 3648 necessitate
719 3593 887 3648 immutabili
910 3610 946 3647 an
967 3591 1041 3647 torte
1059 3591 1217 3646 volvantur.

90 3679 148 3749 l'gl.
168 3679 244 3735 oben
263 3678 409 3734 Claudias.
429 3678 463 3732 In
480 3678 574 3733 Rufin.
593 3679 607 3732 I
628 3681 687 3733 tss.
723 3679 779 3733 Die
801 3677 908 3734 schiefe
930 3676 1062 3744 Ansicht,
1087 3677 1153 3732 dass
1171 3679 1219 3732 dle

89 3763 275 3821 htomistilrer
293 3765 340 3820 die
358 3765 520 3832 Bewegung
537 3765 587 3819 der
603 3764 706 3819 Atome
723 3780 789 3819 vom
802 3763 893 3819 Zotall
909 3763 1085 3828 herleiteten‚
1103 3762 1154 3817 hat
1169 3763 1218 3818 be-

90 3852 202 3906 sonders
221 3849 322 3906 Cicero
344 3853 373 3904 in
390 3847 509 3906 Urnlauf
522 3854 641 3918 gesetnt:
662 3865 697 3904 er
714 3849 759 3905 his
778 3850 841 3911 (den
858 3848 989 3911 Atomen)
1008 3849 1138 3903 effectum
1156 3864 1218 3904 esse

89 3936 195 3992 coelum
220 3941 306 4005 atquc
330 3941 443 4002 terram,
468 3934 551 3989 nulla
574 3941 694 4004 cogente
717 3942 832 4002 natura,
857 3936 908 3990 sed
931 3950 1072 3989 concussu
1095 3935 1218 4002 quodam

90 4021 203 4077 fortuito
223 4022 422 4088 ΝΙ).124,66;
441 4021 499 4090 vgl.
519 4020 612 4076 Zellcr
629 4020 662 4078 (l.
678 4021 703 4074 d.
716 4021 764 4074 Ph.
784 4020 810 4075 1²
822 4022 880 4087 600,
893 4024 917 4072 3.
951 4019 1084 4085 Juvenal,
1103 4020 1153 4074 der
1164 4036 1219 4075 nur

90 4109 146 4163 sehr
165 4107 383 4164 oberflitchliche
396 4107 567 4162 Kenntnisse
579 4123 637 4162 von
649 4106 698 4162 der
709 4105 895 4174 Philosophia
906 4105 985 4161 hatte
997 4105 1080 4170 (Einl.
1094 4105 1121 4160 S.
1135 4107 1217 4172 aon),

90 4195 185 4250 dachse
203 4194 266 4250 hier
285 4210 322 4248 au
340 4194 386 4249 die
398 4192 555 4262 Epiknreer
572 4192 778 4258 (sc.111588);
795 4191 905 4261 Epilrur
923 4191 1012 4247 selhst
1027 4198 1116 4248 neunt
1127 4207 1158 4247 er
1166 4193 1218 4248 mit

90 4279 221 4350 Achtnng
241 4282 281 4347 14,
294 4280 351 4330 319.
